@ARTICLE{Chiang1999,
       author = {{Chiang}, E.~I. and {Brown}, M.~E.},
        title = "{Keck Pencil-Beam Survey for Faint Kuiper Belt Objects}",
      journal = {\aj},
     keywords = {COMETS: GENERAL, KUIPER BELT, OORT CLOUD, SOLAR SYSTEM: FORMATION, Astrophysics},
         year = 1999,
        month = sep,
       volume = {118},
       number = {3},
        pages = {1411-1422},
          doi = {10.1086/301005},
archivePrefix = {arXiv},
       eprint = {astro-ph/9905292},
 primaryClass = {astro-ph},
       adsurl = {https://ui.adsabs.harvard.edu/abs/1999AJ....118.1411C},
      adsnote = {Provided by the SAO/NASA Astrophysics Data System}
}

@ARTICLE{Gladman2022,
       author = {{Gladman}, Brett and {Volk}, Kathryn},
        title = "{Transneptunian Space}",
      journal = {\araa},
         year = 2021,
        month = sep,
       volume = {59},
        pages = {203-246},
          doi = {10.1146/annurev-astro-120920-010005},
       adsurl = {https://ui.adsabs.harvard.edu/abs/2021ARA&A..59..203G},
      adsnote = {Provided by the SAO/NASA Astrophysics Data System}
}



@ARTICLE{Porter2016,
       author = {{Porter}, Simon B. and {Spencer}, John R. and {Benecchi}, Susan and {Verbiscer}, Anne J. and {Zangari}, Amanda M. and {Weaver}, H.~A. and {Lauer}, Tod R. and {Parker}, Alex H. and {Buie}, Marc W. and {Cheng}, Andrew F. and {Young}, Leslie A. and {Olkin}, Cathy B. and {Ennico}, Kimberly and {Stern}, S. Alan and {New Horizons Science Team}},
        title = "{The First High-phase Observations of a KBO: New Horizons Imaging of (15810) 1994 JR$_{1}$ from the Kuiper Belt}",
      journal = {\apjl},
     keywords = {Kuiper belt: general, Kuiper belt objects: individual: 15810, space vehicles, Astrophysics - Earth and Planetary Astrophysics},
         year = 2016,
        month = sep,
       volume = {828},
       number = {2},
          eid = {L15},
        pages = {L15},
          doi = {10.3847/2041-8205/828/2/L15},
archivePrefix = {arXiv},
       eprint = {1605.05376},
 primaryClass = {astro-ph.EP},
       adsurl = {https://ui.adsabs.harvard.edu/abs/2016ApJ...828L..15P},
      adsnote = {Provided by the SAO/NASA Astrophysics Data System}
}

@ARTICLE{Kecskemethy2023,
       author = {{Kecskem{\'e}thy}, Vikt{\'o}ria and {Kiss}, Csaba and {Szak{\'a}ts}, R{\'o}bert and {P{\'a}l}, Andr{\'a}s and {Szab{\'o}}, Gyula M. and {Moln{\'a}r}, L{\'a}szl{\'o} and {S{\'a}rneczky}, Kriszti{\'a}n and {Vink{\'o}}, J{\'o}zsef and {Szab{\'o}}, R{\'o}bert and {Marton}, G{\'a}bor and {Farkas-Tak{\'a}cs}, Anik{\'o} and {Kalup}, Csilla E. and {Kiss}, L{\'a}szl{\'o} L.},
        title = "{Light Curves of Trans-Neptunian Objects from the K2 Mission of the Kepler Space Telescope}",
      journal = {\apjs},
     keywords = {Kuiper belt, Trans-Neptunian objects, Light curves, 893, 1705, 918, Astrophysics - Earth and Planetary Astrophysics},
         year = 2023,
        month = jan,
       volume = {264},
       number = {1},
          eid = {18},
        pages = {18},
          doi = {10.3847/1538-4365/ac9c67},
archivePrefix = {arXiv},
       eprint = {2210.06571},
 primaryClass = {astro-ph.EP},
       adsurl = {https://ui.adsabs.harvard.edu/abs/2023ApJS..264...18K},
      adsnote = {Provided by the SAO/NASA Astrophysics Data System}
}

@ARTICLE{Robinson2020,
       author = {{Robinson}, J.~E. and {Fraser}, W.~C. and {Fitzsimmons}, A. and {Lacerda}, P.},
        title = "{Investigating gravitational collapse of a pebble cloud to form transneptunian binaries}",
      journal = {\aap},
     keywords = {Kuiper belt: general, minor planets, asteroids: general, planets and satellites: formation, Astrophysics - Earth and Planetary Astrophysics},
         year = 2020,
        month = nov,
       volume = {643},
          eid = {A55},
        pages = {A55},
          doi = {10.1051/0004-6361/202037456},
archivePrefix = {arXiv},
       eprint = {2008.04207},
 primaryClass = {astro-ph.EP},
       adsurl = {https://ui.adsabs.harvard.edu/abs/2020A&A...643A..55R},
      adsnote = {Provided by the SAO/NASA Astrophysics Data System}
}


@ARTICLE{Smotherman2024,
       author = {{Smotherman}, Hayden and {Bernardinelli}, Pedro H. and {Portillo}, Stephen K.~N. and {Connolly}, Andrew J. and {Kalmbach}, J. Bryce and {Stetzler}, Steven and {Juri{\'c}}, Mario and {Bekte{\v{s}}evi{\'c}}, Dino and {Langford}, Zachary and {Adams}, Fred C. and {Oldroyd}, William J. and {Holman}, Matthew J. and {Chandler}, Colin Orion and {Fuentes}, Cesar and {Gerdes}, David W. and {Lin}, Hsing Wen and {Markwardt}, Larissa and {McNeill}, Andrew and {Mommert}, Michael and {Napier}, Kevin J. and {Payne}, Matthew J. and {Ragozzine}, Darin and {Rivkin}, Andrew S. and {Schlichting}, Hilke and {Sheppard}, Scott S. and {Strauss}, Ryder and {Trilling}, David E. and {Trujillo}, Chadwick A.},
        title = "{The DECam Ecliptic Exploration Project (DEEP). VI. First Multiyear Observations of Trans-Neptunian Objects}",
      journal = {\aj},
     keywords = {Kuiper Belt, Surveys, Trans-Neptunian objects, 893, 1671, 1705, Astrophysics - Earth and Planetary Astrophysics, Astrophysics - Instrumentation and Methods for Astrophysics},
         year = 2024,
        month = mar,
       volume = {167},
       number = {3},
          eid = {136},
        pages = {136},
          doi = {10.3847/1538-3881/ad1524},
archivePrefix = {arXiv},
       eprint = {2310.03678},
 primaryClass = {astro-ph.EP},
       adsurl = {https://ui.adsabs.harvard.edu/abs/2024AJ....167..136S},
      adsnote = {Provided by the SAO/NASA Astrophysics Data System}
}


@inproceedings{Eduardo2023,
  title={A Pencil Beam Approach to Search for Ultra-Faint Trans-Neptunian Objects Using JWST},
  author={Eduardo, M. and Morgan, A. and Fraser, W. and Trilling, D. and Stansberry, J. and Bernstein, G. and Hilbert, B. and Holman, M. and Roman, T.},
  booktitle={Asteroids, Comets, Meteors Conference},
  pages={Abstract \#2514},
  year={2023},
  publisher={Lunar and Planetary Institute},
  address={Houston},
  url={https://www.hou.usra.edu/meetings/acm2023/pdf/2514.pdf}
}


@inproceedings{Morgan2023,
  title={The Search for Faint TNOs: Producing Synthetic Objects for JWST and HST Data},
  author={Morgan, A. and Eduardo, M. and Trilling, D. and Stansberry, J. and Fraser, W. and Bernstein, G. and Hilbert, B. and Holman, M. and Grundy, W. and Fuentes, C. and Tegler, S.},
  booktitle={Asteroids, Comets, Meteors Conference},
  pages={Abstract \#2504},
  year={2023},
  publisher={Lunar and Planetary Institute},
  address={Houston},
  url={https://www.hou.usra.edu/meetings/acm2023/pdf/2504.pdf}
}


@inproceedings{PeltierACM2023,
  title={Detectability of Distant TNOs},
  author={Peltier, L. and Fraser, W. C. and Porter, S. and  Yoshida, F. and Lawler, S. and Kavelaars, J. and Verbiscer,  A. and Buie,  M. and  Spencer,  J. and  Stern,  A. and Pike, R. E. and  Alexandersen,  M. and Chen,  Y.-T. and New Horizons KBO team and CLASSY collaboration and LiDO collaboration},  
  booktitle={Asteroids, Comets, Meteors Conference},
  pages={Abstract \#2331},
  year={2023},
  publisher={Lunar and Planetary Institute},
  address={Houston},
  url={https://www.hou.usra.edu/meetings/acm2023/pdf/2331.pdf}
}

@ARTICLE{Buie2023,
       author = {{Buie}, Marc and {Geary}, John and {Conroy}, Maureen and
         {Fabricant}, Daniel and {Ordway}, Mark and {Szentgyorgyi}, Andrew and
         {Amato}, Stephen and {Ashby}, Matthew and {Caldwell}, Nelson and
         {Curley}, Dylan and {Gauron}, Thomas and {Holman}, Matthew and
         {Norton}, Timothy and {Pieri}, Mario and {Roll}, John and
         {Weaver}, David and {Zajac}, Joseph and {Palunas}, Povilas and
         {Osip}, David},
        title = "{The \textit{New Horizons} Extended Mission Target: Arrokoth Search and Discovery}",
      journal = {\psj},
         year = {Submitted to PSJ},
        month = {},
       volume = {},
       number = {},
        pages = {},
          doi = {},
       adsurl = {},
      adsnote = {in preparation}
}

@ARTICLE{Doner2024,
       author = {{Doner}, Alex and {Hor{\'a}nyi}, Mih{\'a}ly and {Bagenal}, Fran and {Brandt}, Pontus and {Grundy}, Will and {Lisse}, Carey and {Parker}, Joel and {Poppe}, Andrew R. and {Singer}, Kelsi N. and {Stern}, S. Alan and {Verbiscer}, Anne},
        title = "{New Horizons Venetia Burney Student Dust Counter Observes Higher than Expected Fluxes Approaching 60 au}",
      journal = {\apjl},
     keywords = {Interplanetary dust, Kuiper Belt, Small Solar System bodies, 821, 893, 1469, Astrophysics - Earth and Planetary Astrophysics, Physics - Space Physics},
         year = 2024,
        month = feb,
       volume = {961},
       number = {2},
          eid = {L38},
        pages = {L38},
          doi = {10.3847/2041-8213/ad18b0},
archivePrefix = {arXiv},
       eprint = {2401.01230},
 primaryClass = {astro-ph.EP},
       adsurl = {https://ui.adsabs.harvard.edu/abs/2024ApJ...961L..38D},
      adsnote = {Provided by the SAO/NASA Astrophysics Data System}
}

@ARTICLE{Bernardinelli2023,
       author = {{Bernardinelli}, Pedro H. and {Smotherman}, Hayden and {Langford}, Zachary and {Portillo}, Stephen K.~N. and {Connolly}, Andrew J. and {Bryce Kalmbach}, J. and {Stetzler}, Steven and {Juric}, Mario and {Oldroyd}, William J. and {Lin}, Hsing Wen and {Adams}, Fred C. and {Chandler}, Colin Orion and {Fuentes}, Cesar and {Gerdes}, David W. and {Holman}, Matthew J. and {Markwardt}, Larissa and {McNeill}, Andrew and {Mommert}, Michael and {Napier}, Kevin J. and {Payne}, Matthew J. and {Ragozzine}, Darin and {Rivkin}, Andrew S. and {Schlichting}, Hilke and {Sheppard}, Scott S. and {Strauss}, Ryder and {Trilling}, David E. and {Trujillo}, Chadwick A.},
        title = "{The DECam Ecliptic Exploration Project (DEEP) III: Survey characterization and simulation methods}",
      journal = {arXiv e-prints},
     keywords = {Astrophysics - Earth and Planetary Astrophysics, Astrophysics - Instrumentation and Methods for Astrophysics},
         year = 2023,
        month = oct,
          eid = {arXiv:2310.03671},
        pages = {arXiv:2310.03671},
          doi = {10.48550/arXiv.2310.03671},
archivePrefix = {arXiv},
       eprint = {2310.03671},
 primaryClass = {astro-ph.EP},
       adsurl = {https://ui.adsabs.harvard.edu/abs/2023arXiv231003671B},
      adsnote = {Provided by the SAO/NASA Astrophysics Data System}
}


@ARTICLE{Napier2023,
       author = {{Napier}, Kevin J. and {Lin}, Hsing-Wen and {Gerdes}, David W. and {Adams}, Fred C. and {Simpson}, Anna M. and {Porter}, Matthew W. and {Weber}, Katherine G. and {Markwardt}, Larissa and {Gowman}, Gabriel and {Smotherman}, Hayden and {Bernardinelli}, Pedro H. and {Juri{\'c}}, Mario and {Connolly}, Andrew J. and {Bryce Kalmbach}, J. and {Portillo}, Stephen K.~N. and {Trilling}, David E. and {Strauss}, Ryder and {Oldroyd}, William J. and {Trujillo}, Chadwick A. and {Chandler}, Colin Orion and {Holman}, Matthew J. and {Schlichting}, Hilke E. and {McNeill}, Andrew and {the DEEP Collaboration}},
        title = "{The DECam Ecliptic Exploration Project (DEEP): V. The Absolute Magnitude Distribution of the Cold Classical Kuiper Belt}",
      journal = {arXiv e-prints},
     keywords = {Astrophysics - Earth and Planetary Astrophysics},
         year = 2023,
        month = sep,
          eid = {arXiv:2309.09478},
        pages = {arXiv:2309.09478},
          doi = {10.48550/arXiv.2309.09478},
archivePrefix = {arXiv},
       eprint = {2309.09478},
 primaryClass = {astro-ph.EP},
       adsurl = {https://ui.adsabs.harvard.edu/abs/2023arXiv230909478N},
      adsnote = {Provided by the SAO/NASA Astrophysics Data System}
}

@ARTICLE{beaudoin2023,
       author = {{Beaudoin}, Matthew and {Gladman}, Brett and {Huang}, Yukun and {Bannister}, Michele and {Kavelaars}, J.~J. and {Petit}, Jean-Marc and {Volk}, Kathryn},
        title = "{OSSOS. XXIX. The Population and Perihelion Distribution of the Detached Kuiper Belt}",
      journal = {\psj},
     keywords = {Detached objects, Trans-Neptunian objects, Small Solar System bodies, Kuiper belt, 376, 1705, 1469, 893, Astrophysics - Earth and Planetary Astrophysics},
         year = 2023,
        month = aug,
       volume = {4},
       number = {8},
          eid = {145},
        pages = {145},
          doi = {10.3847/PSJ/ace88d},
archivePrefix = {arXiv},
       eprint = {2306.12847},
 primaryClass = {astro-ph.EP},
       adsurl = {https://ui.adsabs.harvard.edu/abs/2023PSJ.....4..145B},
      adsnote = {Provided by the SAO/NASA Astrophysics Data System}
}

@ARTICLE{allen2001,
       author = {{Allen}, R.~L. and {Bernstein}, G.~M. and {Malhotra}, R.},
        title = "{The Edge of the Solar System}",
      journal = {\apjl},
     keywords = {Kuiper Belt, Minor Planets, Asteroids, Solar System: Formation, Astrophysics},
         year = 2001,
        month = mar,
       volume = {549},
       number = {2},
        pages = {L241-L244},
          doi = {10.1086/319165},
archivePrefix = {arXiv},
       eprint = {astro-ph/0011037},
 primaryClass = {astro-ph},
       adsurl = {https://ui.adsabs.harvard.edu/abs/2001ApJ...549L.241A},
      adsnote = {Provided by the SAO/NASA Astrophysics Data System}
}


@ARTICLE{alard1998,
       author = {{Alard}, C. and {Lupton}, Robert H.},
        title = "{A Method for Optimal Image Subtraction}",
      journal = {\apj},
     keywords = {METHODS: DATA ANALYSIS, METHODS: STATISTICAL, TECHNIQUES: IMAGE PROCESSING, Methods: Data Analysis, Methods: Statistical, Techniques: Image Processing, Astrophysics},
         year = 1998,
        month = aug,
       volume = {503},
       number = {1},
        pages = {325-331},
          doi = {10.1086/305984},
archivePrefix = {arXiv},
       eprint = {astro-ph/9712287},
 primaryClass = {astro-ph},
       adsurl = {https://ui.adsabs.harvard.edu/abs/1998ApJ...503..325A},
      adsnote = {Provided by the SAO/NASA Astrophysics Data System}
}



@ARTICLE{Fraser2014,
       author = {{Fraser}, Wesley C. and {Brown}, Michael E. and {Morbidelli}, Alessandro and {Parker}, Alex and {Batygin}, Konstantin},
        title = "{The Absolute Magnitude Distribution of Kuiper Belt Objects}",
      journal = {\apj},
     keywords = {Kuiper belt: general, minor planets, asteroids: general, Astrophysics - Earth and Planetary Astrophysics},
         year = 2014,
        month = feb,
       volume = {782},
       number = {2},
          eid = {100},
        pages = {100},
          doi = {10.1088/0004-637X/782/2/100},
archivePrefix = {arXiv},
       eprint = {1401.2157},
 primaryClass = {astro-ph.EP},
       adsurl = {https://ui.adsabs.harvard.edu/abs/2014ApJ...782..100F},
      adsnote = {Provided by the SAO/NASA Astrophysics Data System}
}

@ARTICLE{Fuentes2010,
       author = {{Fuentes}, Cesar I. and {Holman}, Matthew J. and {Trilling}, David E. and {Protopapas}, Pavlos},
        title = "{Trans-Neptunian Objects with Hubble Space Telescope ACS/WFC}",
      journal = {\apj},
     keywords = {celestial mechanics, Kuiper Belt: general, methods: observational, planets and satellites: formation, surveys, Astrophysics - Earth and Planetary Astrophysics},
         year = 2010,
        month = oct,
       volume = {722},
       number = {2},
        pages = {1290-1302},
          doi = {10.1088/0004-637X/722/2/1290},
archivePrefix = {arXiv},
       eprint = {1008.2209},
 primaryClass = {astro-ph.EP},
       adsurl = {https://ui.adsabs.harvard.edu/abs/2010ApJ...722.1290F},
      adsnote = {Provided by the SAO/NASA Astrophysics Data System}
}

@ARTICLE{Schlichting2012,
       author = {{Schlichting}, Hilke E. and {Ofek}, Eran O. and {Sari}, Re'em and {Nelan}, Edmund P. and {Gal-Yam}, Avishay and {Wenz}, Michael and {Muirhead}, Philip and {Javanfar}, Nikta and {Livio}, Mario},
        title = "{Measuring the Abundance of Sub-kilometer-sized Kuiper Belt Objects Using Stellar Occultations}",
      journal = {\apj},
     keywords = {comets: general, Kuiper Belt: general, methods: observational, occultations, planets and satellites: formation, techniques: photometric, Astrophysics - Earth and Planetary Astrophysics},
         year = 2012,
        month = dec,
       volume = {761},
       number = {2},
          eid = {150},
        pages = {150},
          doi = {10.1088/0004-637X/761/2/150},
archivePrefix = {arXiv},
       eprint = {1210.8155},
 primaryClass = {astro-ph.EP},
       adsurl = {https://ui.adsabs.harvard.edu/abs/2012ApJ...761..150S},
      adsnote = {Provided by the SAO/NASA Astrophysics Data System}
}

@ARTICLE{Shannon2023,
       author = {{Shannon}, Andrew and {Doressoundiram}, Alain and {Roques}, Fran{\c{c}}oise and {Sicardy}, Bruno and {Kral}, Quentin},
        title = "{Understanding the trans-Neptunian Solar System. Reconciling the results of serendipitous stellar occultations and the inferences from the cratering record}",
      journal = {\aap},
     keywords = {Kuiper belt: general, occultations},
         year = 2023,
        month = may,
       volume = {673},
          eid = {A138},
        pages = {A138},
          doi = {10.1051/0004-6361/202040267},
       adsurl = {https://ui.adsabs.harvard.edu/abs/2023A&A...673A.138S},
      adsnote = {Provided by the SAO/NASA Astrophysics Data System}
}

@ARTICLE{Smotherman24,
       author = {{Smotherman}, Hayden and {Bernardinelli}, Pedro H. and {Portillo}, Stephen K.~N. and {Connolly}, Andrew J. and {Kalmbach}, J. Bryce and {Stetzler}, Steven and {Juri{\'c}}, Mario and {Bekte{\v{s}}evi{\'c}}, Dino and {Langford}, Zachary and {Adams}, Fred C. and {Oldroyd}, William J. and {Holman}, Matthew J. and {Chandler}, Colin Orion and {Fuentes}, Cesar and {Gerdes}, David W. and {Lin}, Hsing Wen and {Markwardt}, Larissa and {McNeill}, Andrew and {Mommert}, Michael and {Napier}, Kevin J. and {Payne}, Matthew J. and {Ragozzine}, Darin and {Rivkin}, Andrew S. and {Schlichting}, Hilke and {Sheppard}, Scott S. and {Strauss}, Ryder and {Trilling}, David E. and {Trujillo}, Chadwick A.},
        title = "{The DECam Ecliptic Exploration Project (DEEP). VI. First Multiyear Observations of Trans-Neptunian Objects}",
      journal = {\aj},
     keywords = {Kuiper Belt, Surveys, Trans-Neptunian objects, 893, 1671, 1705, Astrophysics - Earth and Planetary Astrophysics, Astrophysics - Instrumentation and Methods for Astrophysics},
         year = 2024,
        month = mar,
       volume = {167},
       number = {3},
          eid = {136},
        pages = {136},
          doi = {10.3847/1538-3881/ad1524},
archivePrefix = {arXiv},
       eprint = {2310.03678},
 primaryClass = {astro-ph.EP},
       adsurl = {https://ui.adsabs.harvard.edu/abs/2024AJ....167..136S},
      adsnote = {Provided by the SAO/NASA Astrophysics Data System}
}




@ARTICLE{Trilling2023,
       author = {{Trilling}, David E. and {Gerdes}, David W. and {Juric}, Mario and {Trujillo}, Chadwick A. and {Bernardinelli}, Pedro H. and {Napier}, Kevin J. and {Smotherman}, Hayden and {Strauss}, Ryder and {Fuentes}, Cesar and {Holman}, Matthew J. and {Lin}, Hsing Wen and {Markwardt}, Larissa and {McNeill}, Andrew and {Mommert}, Michael and {Oldroyd}, William J. and {Payne}, Matthew J. and {Ragozzine}, Darin and {Rivkin}, Andrew S. and {Schlichting}, Hilke and {Sheppard}, Scott S. and {Adams}, Fred C. and {Chandler}, Colin Orion},
        title = "{The DECam Ecliptic Exploration Project (DEEP): I. Survey description, science questions, and technical demonstration}",
      journal = {arXiv e-prints},
     keywords = {Astrophysics - Earth and Planetary Astrophysics, Astrophysics - Instrumentation and Methods for Astrophysics},
         year = 2023,
        month = sep,
          eid = {arXiv:2309.03417},
        pages = {arXiv:2309.03417},
          doi = {10.48550/arXiv.2309.03417},
archivePrefix = {arXiv},
       eprint = {2309.03417},
 primaryClass = {astro-ph.EP},
       adsurl = {https://ui.adsabs.harvard.edu/abs/2023arXiv230903417T},
      adsnote = {Provided by the SAO/NASA Astrophysics Data System}
}

@ARTICLE{Petit2023,
       author = {{Petit}, Jean-Marc and {Gladman}, Brett and {Kavelaars}, J.~J. and {Bannister}, Michele T. and {Alexandersen}, Mike and {Volk}, Kathryn and {Chen}, Ying-Tung},
        title = "{The Hot Main Kuiper Belt Size Distribution from OSSOS}",
      journal = {\apjl},
     keywords = {Classical Kuiper belt objects, Luminosity function, Sky surveys, 250, 942, 1464, Astrophysics - Earth and Planetary Astrophysics},
         year = 2023,
        month = apr,
       volume = {947},
       number = {1},
          eid = {L4},
        pages = {L4},
          doi = {10.3847/2041-8213/acc525},
archivePrefix = {arXiv},
       eprint = {2309.01530},
 primaryClass = {astro-ph.EP},
       adsurl = {https://ui.adsabs.harvard.edu/abs/2023ApJ...947L...4P},
      adsnote = {Provided by the SAO/NASA Astrophysics Data System}
}
@INPROCEEDINGS{Kavelaars2023,
       author = {{Kavelaars}, J. -J. and {Petit}, J. -M. and {Gladman}, B. and {Bannister}, M. and {Alexandersen}, M. and {Volk}, K. and {Chen}, Y. -T.},
        title = "{The Hot and Cold Main Kuiper Belt Share a Common Size Frequency Distribution}",
    booktitle = {Asteroids, Comets, Meteors Conference},
         year = 2023,
       series = {LPI Contributions},
       volume = {2851},
        month = aug,
          eid = {2275},
        pages = {2275},
       adsurl = {https://ui.adsabs.harvard.edu/abs/2023LPICo2851.2275K},
      adsnote = {Provided by the SAO/NASA Astrophysics Data System}
}


@INPROCEEDINGS{Petit2023DPS,
       author = {{Petit}, Jean-Marc and {Gladman}, Brett and {Kavelaars}, J. and {Volk}, Kathryn and {Crompvoets}, Breanna and {Lawler}, Samantha and {Beaudoin}, Matthew and {Peltier}, Lowell and {Bannister}, Michele and {Alexandersen}, Mike and {Chen}, Ying-Tung and {Gwin}, Stephen and {Kaib}, Nathan},
        title = "{The OSSOS++ comprehensive model of the Kuiper belt}",
    booktitle = {AAS/Division for Planetary Sciences Meeting Abstracts \#55},
         year = 2023,
       series = {AAS/Division for Planetary Sciences Meeting Abstracts},
       volume = {55},
        month = oct,
          eid = {209.04},
        pages = {209.04},
       adsurl = {https://ui.adsabs.harvard.edu/abs/2023DPS....5520904P},
      adsnote = {Provided by the SAO/NASA Astrophysics Data System}
}



@ARTICLE{Crompvoets2022,
       author = {{Crompvoets}, B.~L. and {Lawler}, S.~M. and {Volk}, K. and {Chen}, Y. -T. and {Gladman}, B. and {Peltier}, L. and {Alexandersen}, M. and {Bannister}, M.~T. and {Gwyn}, S. and {Kavelaars}, J.~J. and {Petit}, J. -M.},
        title = "{OSSOS XXV: Large Populations and Scattering-Sticking in the Distant Trans-Neptunian Resonances}",
      journal = {\psj},
     keywords = {Resonant Kuiper belt objects, 1396, Astrophysics - Earth and Planetary Astrophysics},
         year = 2022,
        month = may,
       volume = {3},
       number = {5},
          eid = {113},
        pages = {113},
          doi = {10.3847/PSJ/ac67e0},
archivePrefix = {arXiv},
       eprint = {2204.09139},
 primaryClass = {astro-ph.EP},
       adsurl = {https://ui.adsabs.harvard.edu/abs/2022PSJ.....3..113C},
      adsnote = {Provided by the SAO/NASA Astrophysics Data System}
}

@ARTICLE{Bernardinelli2022,
       author = {{Bernardinelli}, Pedro H. and {Bernstein}, Gary M. and {Sako}, Masao and {Yanny}, Brian and {Aguena}, M. and {Allam}, S. and {Andrade-Oliveira}, F. and {Bertin}, E. and {Brooks}, D. and {Buckley-Geer}, E. and {Burke}, D.~L. and {Carnero Rosell}, A. and {Carrasco Kind}, M. and {Carretero}, J. and {Conselice}, C. and {Costanzi}, M. and {da Costa}, L.~N. and {De Vicente}, J. and {Desai}, S. and {Diehl}, H.~T. and {Dietrich}, J.~P. and {Doel}, P. and {Eckert}, K. and {Everett}, S. and {Ferrero}, I. and {Flaugher}, B. and {Fosalba}, P. and {Frieman}, J. and {Garc{\'\i}a-Bellido}, J. and {Gerdes}, D.~W. and {Gruen}, D. and {Gruendl}, R.~A. and {Gschwend}, J. and {Hinton}, S.~R. and {Hollowood}, D.~L. and {Honscheid}, K. and {James}, D.~J. and {Kent}, S. and {Kuehn}, K. and {Kuropatkin}, N. and {Lahav}, O. and {Maia}, M.~A.~G. and {March}, M. and {Menanteau}, F. and {Miquel}, R. and {Morgan}, R. and {Myles}, J. and {Ogando}, R.~L.~C. and {Palmese}, A. and {Paz-Chinch{\'o}n}, F. and {Pieres}, A. and {Plazas Malag{\'o}n}, A.~A. and {Romer}, A.~K. and {Roodman}, A. and {Sanchez}, E. and {Scarpine}, V. and {Schubnell}, M. and {Serrano}, S. and {Sevilla-Noarbe}, I. and {Smith}, M. and {Soares-Santos}, M. and {Suchyta}, E. and {Swanson}, M.~E.~C. and {Tarle}, G. and {To}, C. and {Varga}, T.~N. and {Walker}, A.~R.},
        title = "{A Search of the Full Six Years of the Dark Energy Survey for Outer Solar System Objects}",
      journal = {\apjs},
     keywords = {1469, 1705, 280, 1858, 893, Astrophysics - Earth and Planetary Astrophysics, Astrophysics - Instrumentation and Methods for Astrophysics},
         year = 2022,
        month = feb,
       volume = {258},
       number = {2},
          eid = {41},
        pages = {41},
          doi = {10.3847/1538-4365/ac3914},
archivePrefix = {arXiv},
       eprint = {2109.03758},
 primaryClass = {astro-ph.EP},
       adsurl = {https://ui.adsabs.harvard.edu/abs/2022ApJS..258...41B},
      adsnote = {Provided by the SAO/NASA Astrophysics Data System}
}

@ARTICLE{Porter2018,
       author = {{Porter}, Simon B. and {Buie}, Marc W. and {Parker}, Alex H. and {Spencer}, John R. and {Benecchi}, Susan and {Tanga}, Paolo and {Verbiscer}, Anne and {Kavelaars}, J.~J. and {Gwyn}, Stephen D.~J. and {Young}, Eliot F. and {Weaver}, H.~A. and {Olkin}, Catherine B. and {Parker}, Joel W. and {Stern}, S. Alan},
        title = "{High-precision Orbit Fitting and Uncertainty Analysis of (486958) 2014 MU69}",
      journal = {\aj},
     keywords = {astrometry, celestial mechanics, Kuiper belt: general, Kuiper belt objects: individual: 2014 MU69, occultations, Astrophysics - Earth and Planetary Astrophysics, Astrophysics - Instrumentation and Methods for Astrophysics},
         year = 2018,
        month = jul,
       volume = {156},
       number = {1},
          eid = {20},
        pages = {20},
          doi = {10.3847/1538-3881/aac2e1},
archivePrefix = {arXiv},
       eprint = {1805.02252},
 primaryClass = {astro-ph.EP},
       adsurl = {https://ui.adsabs.harvard.edu/abs/2018AJ....156...20P},
      adsnote = {Provided by the SAO/NASA Astrophysics Data System}
}



@ARTICLE{Porter2022,
       author = {{Porter}, Simon B. and {Spencer}, John R. and {Verbiscer}, Anne and {Benecchi}, Susan and {Weaver}, H.~A. and {Wen Lin}, Hsing and {Kavelaars}, J.~J. and {Fraser}, Wesley C. and {Gerdes}, David W. and {Buie}, Marc W. and {Singer}, Kelsi N. and {Parker}, Joel W. and {Stern}, S. Alan},
        title = "{Orbits and Occultation Opportunities of 15 TNOs Observed by New Horizons}",
      journal = {\psj},
     keywords = {1175, 2135, 1705, 1396, 250},
         year = 2022,
        month = jan,
       volume = {3},
       number = {1},
          eid = {23},
        pages = {23},
          doi = {10.3847/PSJ/ac3491},
       adsurl = {https://ui.adsabs.harvard.edu/abs/2022PSJ.....3...23P},
      adsnote = {Provided by the SAO/NASA Astrophysics Data System}
}

@ARTICLE{Smotherman2021,
       author = {{Smotherman}, Hayden and {Connolly}, Andrew J. and {Kalmbach}, J. Bryce and {Portillo}, Stephen K.~N. and {Bektesevic}, Dino and {Eggl}, Siegfried and {Juric}, Mario and {Moeyens}, Joachim and {Whidden}, Peter J.},
        title = "{Sifting through the Static: Moving Object Detection in Difference Images}",
      journal = {\aj},
     keywords = {1858, 1705, 1969, 893, 1938, Astrophysics - Earth and Planetary Astrophysics, Astrophysics - Instrumentation and Methods for Astrophysics},
         year = 2021,
        month = dec,
       volume = {162},
       number = {6},
          eid = {245},
        pages = {245},
          doi = {10.3847/1538-3881/ac22ff},
archivePrefix = {arXiv},
       eprint = {2109.03296},
 primaryClass = {astro-ph.EP},
       adsurl = {https://ui.adsabs.harvard.edu/abs/2021AJ....162..245S},
      adsnote = {Provided by the SAO/NASA Astrophysics Data System}
}

@ARTICLE{Kavelaars2021,
       author = {{Kavelaars}, J.~J. and {Petit}, Jean-Marc and {Gladman}, Brett and {Bannister}, Michele T. and {Alexandersen}, Mike and {Chen}, Ying-Tung and {Gwyn}, Stephen D.~J. and {Volk}, Kathryn},
        title = "{OSSOS Finds an Exponential Cutoff in the Size Distribution of the Cold Classical Kuiper Belt}",
      journal = {\apjl},
     keywords = {Classical Kuiper Belt objects, Trans-Neptunian objects, Kuiper Belt, 250, 1705, 893, Astrophysics - Earth and Planetary Astrophysics},
         year = 2021,
        month = oct,
       volume = {920},
       number = {2},
          eid = {L28},
        pages = {L28},
          doi = {10.3847/2041-8213/ac2c72},
archivePrefix = {arXiv},
       eprint = {2107.06120},
 primaryClass = {astro-ph.EP},
       adsurl = {https://ui.adsabs.harvard.edu/abs/2021ApJ...920L..28K},
      adsnote = {Provided by the SAO/NASA Astrophysics Data System}
}

@ARTICLE{Stern2019,
       author = {{Stern}, S.~A. and {Weaver}, H.~A. and {Spencer}, J.~R. and {Olkin}, C.~B. and {Gladstone}, G.~R. and {Grundy}, W.~M. and {Moore}, J.~M. and {Cruikshank}, D.~P. and {Elliott}, H.~A. and {McKinnon}, W.~B. and et al.},
        title = "{Initial results from the New Horizons exploration of 2014 MU$_{69}$, a small Kuiper Belt object}",
      journal = {Science},
     keywords = {PLANET SCI; ONLINE, Astrophysics - Earth and Planetary Astrophysics},
         year = 2019,
        month = may,
       volume = {364},
       number = {6441},
          eid = {aaw9771},
        pages = {aaw9771},
          doi = {10.1126/science.aaw9771},
archivePrefix = {arXiv},
       eprint = {2004.01017},
 primaryClass = {astro-ph.EP},
       adsurl = {https://ui.adsabs.harvard.edu/abs/2019Sci...364.9771S},
      adsnote = {Provided by the SAO/NASA Astrophysics Data System}
}

@ARTICLE{Arimatsu2019,
       author = {{Arimatsu}, K. and {Tsumura}, K. and {Usui}, F. and {Shinnaka}, Y. and {Ichikawa}, K. and {Ootsubo}, T. and {Kotani}, T. and {Wada}, T. and {Nagase}, K. and {Watanabe}, J.},
        title = "{A kilometre-sized Kuiper belt object discovered by stellar occultation using amateur telescopes}",
      journal = {Nature Astronomy},
     keywords = {Astrophysics - Earth and Planetary Astrophysics, Astrophysics - Instrumentation and Methods for Astrophysics},
         year = 2019,
        month = jan,
       volume = {3},
        pages = {301-306},
          doi = {10.1038/s41550-018-0685-8},
archivePrefix = {arXiv},
       eprint = {1910.09994},
 primaryClass = {astro-ph.EP},
       adsurl = {https://ui.adsabs.harvard.edu/abs/2019NatAs...3..301A},
      adsnote = {Provided by the SAO/NASA Astrophysics Data System}
}

@ARTICLE{Bannister2018,
       author = {{Bannister}, Michele T. and {Gladman}, Brett J. and {Kavelaars}, J.~J. and {Petit}, Jean-Marc and {Volk}, Kathryn and {Chen}, Ying-Tung and {Alexandersen}, Mike and {Gwyn}, Stephen D.~J. and {Schwamb}, Megan E. and {Ashton}, Edward and {Benecchi}, Susan D. and {Cabral}, Nahuel and {Dawson}, Rebekah I. and {Delsanti}, Audrey and {Fraser}, Wesley C. and {Granvik}, Mikael and {Greenstreet}, Sarah and {Guilbert-Lepoutre}, Aur{\'e}lie and {Ip}, Wing-Huen and {Jakubik}, Marian and {Jones}, R. Lynne and {Kaib}, Nathan A. and {Lacerda}, Pedro and {Van Laerhoven}, Christa and {Lawler}, Samantha and {Lehner}, Matthew J. and {Lin}, Hsing Wen and {Lykawka}, Patryk Sofia and {Marsset}, Micha{\"e}l and {Murray-Clay}, Ruth and {Pike}, Rosemary E. and {Rousselot}, Philippe and {Shankman}, Cory and {Thirouin}, Audrey and {Vernazza}, Pierre and {Wang}, Shiang-Yu},
        title = "{OSSOS. VII. 800+ Trans-Neptunian Objects{\textemdash}The Complete Data Release}",
      journal = {\apjs},
     keywords = {Kuiper belt: general, surveys, Astrophysics - Earth and Planetary Astrophysics},
         year = 2018,
        month = may,
       volume = {236},
       number = {1},
          eid = {18},
        pages = {18},
          doi = {10.3847/1538-4365/aab77a},
archivePrefix = {arXiv},
       eprint = {1805.11740},
 primaryClass = {astro-ph.EP},
       adsurl = {https://ui.adsabs.harvard.edu/abs/2018ApJS..236...18B},
      adsnote = {Provided by the SAO/NASA Astrophysics Data System}
}

@ARTICLE{Lawler24,
       author = {{Lawler}, Samantha M. and {Pike}, Rosemary E.},
        title = "{Small Bodies in the Distant Solar System}",
      journal = {arXiv e-prints},
     keywords = {Astrophysics - Earth and Planetary Astrophysics},
         year = 2024,
        month = oct,
          eid = {arXiv:2410.04338},
        pages = {arXiv:2410.04338},
          doi = {10.48550/arXiv.2410.04338},
archivePrefix = {arXiv},
       eprint = {2410.04338},
 primaryClass = {astro-ph.EP},
       adsurl = {https://ui.adsabs.harvard.edu/abs/2024arXiv241004338L},
      adsnote = {Provided by the SAO/NASA Astrophysics Data System}
}



@ARTICLE{Lawler2018,
       author = {{Lawler}, Samantha M. and {Kavelaars}, J.~J. and {Alexandersen}, Mike and {Bannister}, Michele T. and {Gladman}, Brett and {Petit}, Jean-Marc and {Shankman}, Cory},
        title = "{OSSOS: X. How to use a Survey Simulator: Statistical Testing of Dynamical Models Against the Real Kuiper Belt}",
      journal = {Frontiers in Astronomy and Space Sciences},
     keywords = {Kuiper Belt, Trans-neptunian objects, observational surveys, Survey biases, Dynamical Models, Numerical methods, statistics, Astrophysics - Earth and Planetary Astrophysics},
         year = 2018,
        month = may,
       volume = {5},
          eid = {14},
        pages = {14},
          doi = {10.3389/fspas.2018.00014},
archivePrefix = {arXiv},
       eprint = {1802.00460},
 primaryClass = {astro-ph.EP},
       adsurl = {https://ui.adsabs.harvard.edu/abs/2018FrASS...5...14L},
      adsnote = {Provided by the SAO/NASA Astrophysics Data System}
}

@ARTICLE{Fraser2016,
       author = {{Fraser}, Wesley and {Alexandersen}, Mike and {Schwamb}, Megan E. and {Marsset}, Micha{\"e}l and {Pike}, Rosemary E. and {Kavelaars}, J.~J. and {Bannister}, Michele T. and {Benecchi}, Susan and {Delsanti}, Audrey},
        title = "{TRIPPy: Trailed Image Photometry in Python}",
      journal = {\aj},
     keywords = {methods: data analysis, methods: numerical, techniques: photometric, Astrophysics - Instrumentation and Methods for Astrophysics, Astrophysics - Earth and Planetary Astrophysics},
         year = 2016,
        month = jun,
       volume = {151},
       number = {6},
          eid = {158},
        pages = {158},
          doi = {10.3847/0004-6256/151/6/158},
archivePrefix = {arXiv},
       eprint = {1604.00031},
 primaryClass = {astro-ph.IM},
       adsurl = {https://ui.adsabs.harvard.edu/abs/2016AJ....151..158F},
      adsnote = {Provided by the SAO/NASA Astrophysics Data System}
}

@ARTICLE{Stern2015,
       author = {{Stern}, S.~A. and {Bagenal}, F. and {Ennico}, K. and {Gladstone}, G.~R. and {Grundy}, W.~M. and {McKinnon}, W.~B. and {Moore}, J.~M. and {Olkin}, C.~B. and {Spencer}, J.~R. and {Weaver}, H.~A. and {Young}, L.~A. and {Andert}, T. and {Andrews}, J. and {Banks}, M. and {Bauer}, B. and {Bauman}, J. and {Barnouin}, O.~S. and {Bedini}, P. and {Beisser}, K. and {Beyer}, R.~A. and {Bhaskaran}, S. and {Binzel}, R.~P. and {Birath}, E. and {Bird}, M. and {Bogan}, D.~J. and {Bowman}, A. and {Bray}, V.~J. and {Brozovic}, M. and {Bryan}, C. and {Buckley}, M.~R. and {Buie}, M.~W. and {Buratti}, B.~J. and {Bushman}, S.~S. and {Calloway}, A. and {Carcich}, B. and {Cheng}, A.~F. and {Conard}, S. and {Conrad}, C.~A. and {Cook}, J.~C. and {Cruikshank}, D.~P. and {Custodio}, O.~S. and {Dalle Ore}, C.~M. and {Deboy}, C. and {Dischner}, Z.~J.~B. and {Dumont}, P. and {Earle}, A.~M. and {Elliott}, H.~A. and {Ercol}, J. and {Ernst}, C.~M. and {Finley}, T. and {Flanigan}, S.~H. and {Fountain}, G. and {Freeze}, M.~J. and {Greathouse}, T. and {Green}, J.~L. and {Guo}, Y. and {Hahn}, M. and {Hamilton}, D.~P. and {Hamilton}, S.~A. and {Hanley}, J. and {Harch}, A. and {Hart}, H.~M. and {Hersman}, C.~B. and {Hill}, A. and {Hill}, M.~E. and {Hinson}, D.~P. and {Holdridge}, M.~E. and {Horanyi}, M. and {Howard}, A.~D. and {Howett}, C.~J.~A. and {Jackman}, C. and {Jacobson}, R.~A. and {Jennings}, D.~E. and {Kammer}, J.~A. and {Kang}, H.~K. and {Kaufmann}, D.~E. and {Kollmann}, P. and {Krimigis}, S.~M. and {Kusnierkiewicz}, D. and {Lauer}, T.~R. and {Lee}, J.~E. and {Lindstrom}, K.~L. and {Linscott}, I.~R. and {Lisse}, C.~M. and {Lunsford}, A.~W. and {Mallder}, V.~A. and {Martin}, N. and {McComas}, D.~J. and {McNutt}, R.~L. and {Mehoke}, D. and {Mehoke}, T. and {Melin}, E.~D. and {Mutchler}, M. and {Nelson}, D. and {Nimmo}, F. and {Nunez}, J.~I. and {Ocampo}, A. and {Owen}, W.~M. and {Paetzold}, M. and {Page}, B. and {Parker}, A.~H. and {Parker}, J.~W. and {Pelletier}, F. and {Peterson}, J. and {Pinkine}, N. and {Piquette}, M. and {Porter}, S.~B. and {Protopapa}, S. and {Redfern}, J. and {Reitsema}, H.~J. and {Reuter}, D.~C. and {Roberts}, J.~H. and {Robbins}, S.~J. and {Rogers}, G. and {Rose}, D. and {Runyon}, K. and {Retherford}, K.~D. and {Ryschkewitsch}, M.~G. and {Schenk}, P. and {Schindhelm}, R. and {Sepan}, B. and {Showalter}, M.~R. and {Singer}, K.~N. and {Soluri}, M. and {Stanbridge}, D. and {Steffl}, A.~J. and {Strobel}, D.~F. and {Stryk}, T. and {Summers}, M.~E. and {Szalay}, J.~R. and {Tapley}, M. and {Taylor}, A. and {Taylor}, H. and {Throop}, H.~B. and {Tsang}, C.~C.~C. and {Tyler}, G.~L. and {Umurhan}, O.~M. and {Verbiscer}, A.~J. and {Versteeg}, M.~H. and {Vincent}, M. and {Webbert}, R. and {Weidner}, S. and {Weigle}, G.~E. and {White}, O.~L. and {Whittenburg}, K. and {Williams}, B.~G. and {Williams}, K. and {Williams}, S. and {Woods}, W.~W. and {Zangari}, A.~M. and {Zirnstein}, E.},
        title = "{The Pluto system: Initial results from its exploration by New Horizons}",
      journal = {Science},
     keywords = {PLANET SCI, ONLINE, Astrophysics - Earth and Planetary Astrophysics},
         year = 2015,
        month = oct,
       volume = {350},
       number = {6258},
          eid = {aad1815},
        pages = {aad1815},
          doi = {10.1126/science.aad1815},
archivePrefix = {arXiv},
       eprint = {1510.07704},
 primaryClass = {astro-ph.EP},
       adsurl = {https://ui.adsabs.harvard.edu/abs/2015Sci...350.1815S},
      adsnote = {Provided by the SAO/NASA Astrophysics Data System}
}

@ARTICLE{McLeod2015,
       author = {{McLeod}, Brian and {Geary}, John and {Conroy}, Maureen and {Fabricant}, Daniel and {Ordway}, Mark and {Szentgyorgyi}, Andrew and {Amato}, Stephen and {Ashby}, Matthew and {Caldwell}, Nelson and {Curley}, Dylan and {Gauron}, Thomas and {Holman}, Matthew and {Norton}, Timothy and {Pieri}, Mario and {Roll}, John and {Weaver}, David and {Zajac}, Joseph and {Palunas}, Povilas and {Osip}, David},
        title = "{Megacam: A Wide-Field CCD Imager for the MMT and Magellan}",
      journal = {\pasp},
         year = 2015,
        month = apr,
       volume = {127},
       number = {950},
        pages = {366},
          doi = {10.1086/680687},
       adsurl = {https://ui.adsabs.harvard.edu/abs/2015PASP..127..366M},
      adsnote = {Provided by the SAO/NASA Astrophysics Data System}
}

@ARTICLE{Petit2011,
       author = {{Petit}, J. -M. and {Kavelaars}, J.~J. and {Gladman}, B.~J. and {Jones}, R.~L. and {Parker}, J. Wm. and {Van Laerhoven}, C. and {Nicholson}, P. and {Mars}, G. and {Rousselot}, P. and {Mousis}, O. and {Marsden}, B. and {Bieryla}, A. and {Taylor}, M. and {Ashby}, M.~L.~N. and {Benavidez}, P. and {Campo Bagatin}, A. and {Bernabeu}, G.},
        title = "{The Canada-France Ecliptic Plane Survey{\textemdash}Full Data Release: The Orbital Structure of the Kuiper Belt}",
      journal = {\aj},
     keywords = {Kuiper Belt: general, surveys, Astrophysics - Earth and Planetary Astrophysics},
         year = 2011,
        month = oct,
       volume = {142},
       number = {4},
          eid = {131},
        pages = {131},
          doi = {10.1088/0004-6256/142/4/131},
archivePrefix = {arXiv},
       eprint = {1108.4836},
 primaryClass = {astro-ph.EP},
       adsurl = {https://ui.adsabs.harvard.edu/abs/2011AJ....142..131P},
      adsnote = {Provided by the SAO/NASA Astrophysics Data System}
}

@ARTICLE{Fuentes2009,
       author = {{Fuentes}, Cesar I. and {George}, Matthew R. and {Holman}, Matthew J.},
        title = "{A Subaru Pencil-Beam Search for m$_{R}$ \raisebox{-0.5ex}\textasciitilde 27 Trans-Neptunian Bodies}",
      journal = {\apj},
     keywords = {solar system: formation, Astrophysics},
         year = 2009,
        month = may,
       volume = {696},
       number = {1},
        pages = {91-95},
          doi = {10.1088/0004-637X/696/1/91},
archivePrefix = {arXiv},
       eprint = {0809.4166},
 primaryClass = {astro-ph},
       adsurl = {https://ui.adsabs.harvard.edu/abs/2009ApJ...696...91F},
      adsnote = {Provided by the SAO/NASA Astrophysics Data System}
}

@ARTICLE{Weaver2008,
       author = {{Weaver}, H.~A. and {Gibson}, W.~C. and {Tapley}, M.~B. and {Young}, L.~A. and {Stern}, S.~A.},
        title = "{Overview of the New Horizons Science Payload}",
      journal = {\ssr},
     keywords = {New Horizons mission, Pluto, Kuiper belt, Astrophysics},
         year = 2008,
        month = oct,
       volume = {140},
       number = {1-4},
        pages = {75-91},
          doi = {10.1007/s11214-008-9376-6},
archivePrefix = {arXiv},
       eprint = {0709.4261},
 primaryClass = {astro-ph},
       adsurl = {https://ui.adsabs.harvard.edu/abs/2008SSRv..140...75W},
      adsnote = {Provided by the SAO/NASA Astrophysics Data System}
}

@ARTICLE{Fraser2008,
       author = {{Fraser}, Wesley C. and {Kavelaars}, J.~J. and {Holman}, M.~J. and {Pritchet}, C.~J. and {Gladman}, B.~J. and {Grav}, T. and {Jones}, R.~L. and {MacWilliams}, J. and {Petit}, J. -M.},
        title = "{The Kuiper belt luminosity function from m<SUB></SUB>=21 to 26}",
      journal = {\icarus},
     keywords = {Astrophysics},
         year = 2008,
        month = jun,
       volume = {195},
       number = {2},
        pages = {827-843},
          doi = {10.1016/j.icarus.2008.01.014},
archivePrefix = {arXiv},
       eprint = {0802.2285},
 primaryClass = {astro-ph},
       adsurl = {https://ui.adsabs.harvard.edu/abs/2008Icar..195..827F},
      adsnote = {Provided by the SAO/NASA Astrophysics Data System}
}

@ARTICLE{Jones2006,
       author = {{Jones}, R.~L. and {Gladman}, B. and {Petit}, J. -M. and {Rousselot}, P. and {Mousis}, O. and {Kavelaars}, J.~J. and {Campo Bagatin}, A. and {Bernabeu}, G. and {Benavidez}, P. and {Parker}, J. Wm. and {Nicholson}, P. and {Holman}, M. and {Grav}, T. and {Doressoundiram}, A. and {Veillet}, C. and {Scholl}, H. and {Mars}, G.},
        title = "{The CFEPS Kuiper Belt Survey: Strategy and presurvey results}",
      journal = {\icarus},
     keywords = {Astrophysics},
         year = 2006,
        month = dec,
       volume = {185},
       number = {2},
        pages = {508-522},
          doi = {10.1016/j.icarus.2006.07.024},
archivePrefix = {arXiv},
       eprint = {astro-ph/0510826},
 primaryClass = {astro-ph},
       adsurl = {https://ui.adsabs.harvard.edu/abs/2006Icar..185..508J},
      adsnote = {Provided by the SAO/NASA Astrophysics Data System}
}

@ARTICLE{Elliot2005,
       author = {{Elliot}, J.~L. and {Kern}, S.~D. and {Clancy}, K.~B. and {Gulbis}, A.~A.~S. and {Millis}, R.~L. and {Buie}, M.~W. and {Wasserman}, L.~H. and {Chiang}, E.~I. and {Jordan}, A.~B. and {Trilling}, D.~E. and {Meech}, K.~J.},
        title = "{The Deep Ecliptic Survey: A Search for Kuiper Belt Objects and Centaurs. II. Dynamical Classification, the Kuiper Belt Plane, and the Core Population}",
      journal = {\aj},
     keywords = {Astrometry, Comets: General, Kuiper Belt, Methods: Observational, Planets and Satellites: General, Solar System: General, Surveys},
         year = 2005,
        month = feb,
       volume = {129},
       number = {2},
        pages = {1117-1162},
          doi = {10.1086/427395},
       adsurl = {https://ui.adsabs.harvard.edu/abs/2005AJ....129.1117E},
      adsnote = {Provided by the SAO/NASA Astrophysics Data System}
}

@ARTICLE{Trujillo2001,
       author = {{Trujillo}, Chadwick A. and {Brown}, Michael E.},
        title = "{The Radial Distribution of the Kuiper Belt}",
      journal = {\apjl},
     keywords = {Kuiper Belt, Oort Cloud, Minor Planets, Asteroids, Solar System: Formation},
         year = 2001,
        month = jun,
       volume = {554},
       number = {1},
        pages = {L95-L98},
          doi = {10.1086/320917},
       adsurl = {https://ui.adsabs.harvard.edu/abs/2001ApJ...554L..95T},
      adsnote = {Provided by the SAO/NASA Astrophysics Data System}
}

@ARTICLE{Schlichting2013,
       author = {{Schlichting}, Hilke E. and {Fuentes}, Cesar I. and {Trilling}, David E.},
        title = "{Initial Planetesimal Sizes and the Size Distribution of Small Kuiper Belt Objects}",
      journal = {\aj},
     keywords = {comets: general, Kuiper belt: general, planets and satellites: formation, planets and satellites: physical evolution, protoplanetary disks, zodiacal dust, Astrophysics - Earth and Planetary Astrophysics},
         year = 2013,
        month = aug,
       volume = {146},
       number = {2},
          eid = {36},
        pages = {36},
          doi = {10.1088/0004-6256/146/2/36},
archivePrefix = {arXiv},
       eprint = {1301.7433},
 primaryClass = {astro-ph.EP},
       adsurl = {https://ui.adsabs.harvard.edu/abs/2013AJ....146...36S},
      adsnote = {Provided by the SAO/NASA Astrophysics Data System}
}

@ARTICLE{Bottke2023PSJ,
       author = {{Bottke}, William F. and {Vokrouhlick{\'y}}, David and {Marshall}, Raphael and {Nesvorn{\'y}}, David and {Morbidelli}, Alessandro and {Deienno}, Rogerio and {Marchi}, Simone and {Dones}, Luke and {Levison}, Harold F.},
        title = "{The Collisional Evolution of the Primordial Kuiper Belt, Its Destabilized Population, and the Trojan Asteroids}",
      journal = {\psj},
     keywords = {Kuiper belt, Trans-Neptunian objects, Collisional processes, Jupiter trojans, Comet origins, Jovian satellites, Saturnian satellites, Uranian satellites, Long period comets, Short period comets, Dynamical evolution, Plutonian satellites, 893, 1705, 2286, 874, 2203, 872, 1427, 1750, 933, 1452, 421, 2202, Astrophysics - Earth and Planetary Astrophysics},
         year = 2023,
        month = sep,
       volume = {4},
       number = {9},
          eid = {168},
        pages = {168},
          doi = {10.3847/PSJ/ace7cd},
archivePrefix = {arXiv},
       eprint = {2307.07089},
 primaryClass = {astro-ph.EP},
       adsurl = {https://ui.adsabs.harvard.edu/abs/2023PSJ.....4..168B},
      adsnote = {Provided by the SAO/NASA Astrophysics Data System}
}
@ARTICLE{Youdin2007,
       author = {{Youdin}, A. and {Johansen}, A.},
        title = "{Protoplanetary Disk Turbulence Driven by the Streaming Instability: Linear Evolution and Numerical Methods}",
      journal = {\apj},
     keywords = {Diffusion, Hydrodynamics, Instabilities, Stars: Planetary Systems: Protoplanetary Disks, Solar System: Formation, Turbulence, Astrophysics},
         year = 2007,
        month = jun,
       volume = {662},
       number = {1},
        pages = {613-626},
          doi = {10.1086/516729},
archivePrefix = {arXiv},
       eprint = {astro-ph/0702625},
 primaryClass = {astro-ph},
       adsurl = {https://ui.adsabs.harvard.edu/abs/2007ApJ...662..613Y},
      adsnote = {Provided by the SAO/NASA Astrophysics Data System}
}


@ARTICLE{Chiang2010AREPS,
       author = {{Chiang}, E. and {Youdin}, A.~N.},
        title = "{Forming Planetesimals in Solar and Extrasolar Nebulae}",
      journal = {Annual Review of Earth and Planetary Sciences},
     keywords = {Astrophysics - Earth and Planetary Astrophysics, Astrophysics - Solar and Stellar Astrophysics},
         year = 2010,
        month = may,
       volume = {38},
        pages = {493-522},
          doi = {10.1146/annurev-earth-040809-152513},
archivePrefix = {arXiv},
       eprint = {0909.2652},
 primaryClass = {astro-ph.EP},
       adsurl = {https://ui.adsabs.harvard.edu/abs/2010AREPS..38..493C},
      adsnote = {Provided by the SAO/NASA Astrophysics Data System}
}

@ARTICLE{Nesvorny2010,
       author = {{Nesvorn{\'y}}, David and {Youdin}, Andrew N. and {Richardson}, Derek C.},
        title = "{Formation of Kuiper Belt Binaries by Gravitational Collapse}",
      journal = {\aj},
     keywords = {Kuiper Belt: general, planets and satellites: formation, protoplanetary disks, Astrophysics - Earth and Planetary Astrophysics},
         year = 2010,
        month = sep,
       volume = {140},
       number = {3},
        pages = {785-793},
          doi = {10.1088/0004-6256/140/3/785},
archivePrefix = {arXiv},
       eprint = {1007.1465},
 primaryClass = {astro-ph.EP},
       adsurl = {https://ui.adsabs.harvard.edu/abs/2010AJ....140..785N},
      adsnote = {Provided by the SAO/NASA Astrophysics Data System}
}


@ARTICLE{Johansen2015,
       author = {{Johansen}, Anders and {Mac Low}, Mordecai-Mark and {Lacerda}, Pedro and {Bizzarro}, Martin},
        title = "{Growth of asteroids, planetary embryos, and Kuiper belt objects by chondrule accretion}",
      journal = {Science Advances},
     keywords = {Astrophysics - Earth and Planetary Astrophysics},
         year = 2015,
        month = apr,
       volume = {1},
          eid = {1500109},
        pages = {1500109},
          doi = {10.1126/sciadv.1500109},
archivePrefix = {arXiv},
       eprint = {1503.07347},
 primaryClass = {astro-ph.EP},
       adsurl = {https://ui.adsabs.harvard.edu/abs/2015SciA....1E0109J},
      adsnote = {Provided by the SAO/NASA Astrophysics Data System}
}


@ARTICLE{Davidsson2016,
       author = {{Davidsson}, B.~J.~R. and {Sierks}, H. and {G{\"u}ttler}, C. and {Marzari}, F. and {Pajola}, M. and {Rickman}, H. and {A'Hearn}, M.~F. and {Auger}, A. -T. and {El-Maarry}, M.~R. and {Fornasier}, S. and {Guti{\'e}rrez}, P.~J. and {Keller}, H.~U. and {Massironi}, M. and {Snodgrass}, C. and {Vincent}, J. -B. and {Barbieri}, C. and {Lamy}, P.~L. and {Rodrigo}, R. and {Koschny}, D. and {Barucci}, M.~A. and {Bertaux}, J. -L. and {Bertini}, I. and {Cremonese}, G. and {Da Deppo}, V. and {Debei}, S. and {De Cecco}, M. and {Feller}, C. and {Fulle}, M. and {Groussin}, O. and {Hviid}, S.~F. and {H{\"o}fner}, S. and {Ip}, W. -H. and {Jorda}, L. and {Knollenberg}, J. and {Kovacs}, G. and {Kramm}, J. -R. and {K{\"u}hrt}, E. and {K{\"u}ppers}, M. and {La Forgia}, F. and {Lara}, L.~M. and {Lazzarin}, M. and {Lopez Moreno}, J.~J. and {Moissl-Fraund}, R. and {Mottola}, S. and {Naletto}, G. and {Oklay}, N. and {Thomas}, N. and {Tubiana}, C.},
        title = "{The primordial nucleus of comet 67P/Churyumov-Gerasimenko}",
      journal = {\aap},
     keywords = {comets: individual: 67P/Churyumov-Gerasimenko, Kuiper belt: general, protoplanetary disks},
         year = 2016,
        month = jul,
       volume = {592},
          eid = {A63},
        pages = {A63},
          doi = {10.1051/0004-6361/201526968},
       adsurl = {https://ui.adsabs.harvard.edu/abs/2016A&A...592A..63D},
      adsnote = {Provided by the SAO/NASA Astrophysics Data System}
}

@ARTICLE{Simon2017,
       author = {{Simon}, Jacob B. and {Armitage}, Philip J. and {Youdin}, Andrew N. and {Li}, Rixin},
        title = "{Evidence for Universality in the Initial Planetesimal Mass Function}",
      journal = {\apjl},
     keywords = {hydrodynamics, instabilities, planets and satellites: formation, Astrophysics - Earth and Planetary Astrophysics},
         year = 2017,
        month = oct,
       volume = {847},
       number = {2},
          eid = {L12},
        pages = {L12},
          doi = {10.3847/2041-8213/aa8c79},
archivePrefix = {arXiv},
       eprint = {1705.03889},
 primaryClass = {astro-ph.EP},
       adsurl = {https://ui.adsabs.harvard.edu/abs/2017ApJ...847L..12S},
      adsnote = {Provided by the SAO/NASA Astrophysics Data System}
}
@ARTICLE{Abod2019,
       author = {{Abod}, Charles P. and {Simon}, Jacob B. and {Li}, Rixin and {Armitage}, Philip J. and {Youdin}, Andrew N. and {Kretke}, Katherine A.},
        title = "{The Mass and Size Distribution of Planetesimals Formed by the Streaming Instability. II. The Effect of the Radial Gas Pressure Gradient}",
      journal = {\apj},
     keywords = {hydrodynamics, instabilities, planets and satellites: formation, protoplanetary disks, turbulence, Astrophysics - Earth and Planetary Astrophysics},
         year = 2019,
        month = oct,
       volume = {883},
       number = {2},
          eid = {192},
        pages = {192},
          doi = {10.3847/1538-4357/ab40a3},
archivePrefix = {arXiv},
       eprint = {1810.10018},
 primaryClass = {astro-ph.EP},
       adsurl = {https://ui.adsabs.harvard.edu/abs/2019ApJ...883..192A},
      adsnote = {Provided by the SAO/NASA Astrophysics Data System}
}


@ARTICLE{Singer2019,
       author = {{Singer}, K.~N. and {McKinnon}, W.~B. and {Gladman}, B. and {Greenstreet}, S. and {Bierhaus}, E.~B. and {Stern}, S.~A. and {Parker}, A.~H. and {Robbins}, S.~J. and {Schenk}, P.~M. and {Grundy}, W.~M. and {Bray}, V.~J. and {Beyer}, R.~A. and {Binzel}, R.~P. and {Weaver}, H.~A. and {Young}, L.~A. and {Spencer}, J.~R. and {Kavelaars}, J.~J. and {Moore}, J.~M. and {Zangari}, A.~M. and {Olkin}, C.~B. and {Lauer}, T.~R. and {Lisse}, C.~M. and {Ennico}, K. and {New Horizons Geology}, Geophysics and Imaging Science Theme Team and {New Horizons Surface Composition Science Theme Team} and {New Horizons Ralph and LORRI Teams}},
        title = "{Impact craters on Pluto and Charon indicate a deficit of small Kuiper belt objects}",
      journal = {Science},
     keywords = {GEOCHEM PHYS; PLANET SCI, Astrophysics - Earth and Planetary Astrophysics},
         year = 2019,
        month = mar,
       volume = {363},
       number = {6430},
        pages = {955-959},
          doi = {10.1126/science.aap8628},
archivePrefix = {arXiv},
       eprint = {1902.10795},
 primaryClass = {astro-ph.EP},
       adsurl = {https://ui.adsabs.harvard.edu/abs/2019Sci...363..955S},
      adsnote = {Provided by the SAO/NASA Astrophysics Data System}
}

@ARTICLE{Spencer2020,
       author = {{Spencer}, J.~R. and {Stern}, S.~A. and {Moore}, J.~M. and {Weaver}, H.~A. and {Singer}, K.~N. and {Olkin}, C.~B. and {Verbiscer}, A.~J. and {McKinnon}, W.~B. and {Parker}, J. Wm. and {Beyer}, R.~A. and {Keane}, J.~T. and {Lauer}, T.~R. and {Porter}, S.~B. and {White}, O.~L. and {Buratti}, B.~J. and {El-Maarry}, M.~R. and {Lisse}, C.~M. and {Parker}, A.~H. and {Throop}, H.~B. and {Robbins}, S.~J. and {Umurhan}, O.~M. and {Binzel}, R.~P. and {Britt}, D.~T. and {Buie}, M.~W. and {Cheng}, A.~F. and {Cruikshank}, D.~P. and {Elliott}, H.~A. and {Gladstone}, G.~R. and {Grundy}, W.~M. and {Hill}, M.~E. and {Horanyi}, M. and {Jennings}, D.~E. and {Kavelaars}, J.~J. and {Linscott}, I.~R. and {McComas}, D.~J. and {McNutt}, R.~L. and {Protopapa}, S. and {Reuter}, D.~C. and {Schenk}, P.~M. and {Showalter}, M.~R. and {Young}, L.~A. and {Zangari}, A.~M. and {Abedin}, A.~Y. and {Beddingfield}, C.~B. and {Benecchi}, S.~D. and {Bernardoni}, E. and {Bierson}, C.~J. and {Borncamp}, D. and {Bray}, V.~J. and {Chaikin}, A.~L. and {Dhingra}, R.~D. and {Fuentes}, C. and {Fuse}, T. and {Gay}, P.~L. and {Gwyn}, S.~D.~J. and {Hamilton}, D.~P. and {Hofgartner}, J.~D. and {Holman}, M.~J. and {Howard}, A.~D. and {Howett}, C.~J.~A. and {Karoji}, H. and {Kaufmann}, D.~E. and {Kinczyk}, M. and {May}, B.~H. and {Mountain}, M. and {P{\"a}tzold}, M. and {Petit}, J.~M. and {Piquette}, M.~R. and {Reid}, I.~N. and {Reitsema}, H.~J. and {Runyon}, K.~D. and {Sheppard}, S.~S. and {Stansberry}, J.~A. and {Stryk}, T. and {Tanga}, P. and {Tholen}, D.~J. and {Trilling}, D.~E. and {Wasserman}, L.~H.},
        title = "{The geology and geophysics of Kuiper Belt object (486958) Arrokoth}",
      journal = {Science},
     keywords = {GEOCHEM PHYS, PLANET SCI, ONLINE, Astrophysics - Earth and Planetary Astrophysics},
         year = 2020,
        month = feb,
       volume = {367},
       number = {6481},
          eid = {aay3999},
        pages = {aay3999},
          doi = {10.1126/science.aay3999},
archivePrefix = {arXiv},
       eprint = {2004.00727},
 primaryClass = {astro-ph.EP},
       adsurl = {https://ui.adsabs.harvard.edu/abs/2020Sci...367.3999S},
      adsnote = {Provided by the SAO/NASA Astrophysics Data System}
}



@MISC{Stansberry2021,
       author = {{Stansberry}, John A. and {Fraser}, Wesley C. and {Trilling}, David E. and {Bernstein}, Gary and {Grundy}, Will M. and {Holman}, Matthew},
        title = "{An Ultra-Sensitive Pencil Beam Search for 10 km Trans-Neptunian Objects}",
 howpublished = {JWST Proposal. Cycle 1, ID. \#1568},
         year = 2021,
        month = mar,
        pages = {1568},
       adsurl = {https://ui.adsabs.harvard.edu/abs/2021jwst.prop.1568S},
      adsnote = {Provided by the SAO/NASA Astrophysics Data System}
}

@ARTICLE{Trilling2024,
       author = {{Trilling}, David E. and {Gerdes}, David W. and {Juri{\'c}}, Mario and {Trujillo}, Chadwick A. and {Bernardinelli}, Pedro H. and {Napier}, Kevin J. and {Smotherman}, Hayden and {Strauss}, Ryder and {Fuentes}, Cesar and {Holman}, Matthew J. and {Lin}, Hsing Wen and {Markwardt}, Larissa and {McNeill}, Andrew and {Mommert}, Michael and {Oldroyd}, William J. and {Payne}, Matthew J. and {Ragozzine}, Darin and {Rivkin}, Andrew S. and {Schlichting}, Hilke and {Sheppard}, Scott S. and {Adams}, Fred C. and {Chandler}, Colin Orion},
        title = "{The DECam Ecliptic Exploration Project (DEEP). I. Survey Description, Science Questions, and Technical Demonstration}",
      journal = {\aj},
     keywords = {Solar system, Surveys, Trans-Neptunian objects, Small Solar System bodies, Kuiper belt, 1528, 1671, 1705, 1469, 893},
         year = 2024,
        month = mar,
       volume = {167},
       number = {3},
          eid = {132},
        pages = {132},
          doi = {10.3847/1538-3881/ad1529},
       adsurl = {https://ui.adsabs.harvard.edu/abs/2024AJ....167..132T},
      adsnote = {Provided by the SAO/NASA Astrophysics Data System}
}

@INPROCEEDINGS{Fraser2022,
       author = {{Fraser}, Wesley and {Lawler}, Samantha and {Ashton}, Edward and {Chen}, Ying-Tung and {Huang}, Yukun and {Gladman}, Brett and {Kavelaars}, J. and {Petit}, Jean-Marc and {Peltier}, Lowell and {Pike}, Rosemary and {Alexandersen}, Mike and {Hestroffer}, Daniel and {Noyelles}, Benoit and {Chang}, Chan-Kao and {Wang}, Shiang-Yu and {Connolly}, Andrew and {Kalmbach}, Bryce and {Eduardo}, Marielle and {Juric}, Mario and {Gwyn}, Stephen},
        title = "{The Classical and Large-a Distant Solar SYstem (CLASSY) Survey}",
    booktitle = {AAS/Division for Planetary Sciences Meeting Abstracts},
         year = 2022,
       series = {AAS/Division for Planetary Sciences Meeting Abstracts},
       volume = {54},
        month = dec,
          eid = {414.01},
        pages = {414.01},
       adsurl = {https://ui.adsabs.harvard.edu/abs/2022DPS....5441401F},
      adsnote = {Provided by the SAO/NASA Astrophysics Data System}
}


@ARTICLE{McKinnon2020,
       author = {{McKinnon}, W.~B. and {Richardson}, D.~C. and {Marohnic}, J.~C. and {Keane}, J.~T. and {Grundy}, W.~M. and {Hamilton}, D.~P. and {Nesvorn{\'y}}, D. and {Umurhan}, O.~M. and {Lauer}, T.~R. and {Singer}, K.~N. and {Stern}, S.~A. and {Weaver}, H.~A. and {Spencer}, J.~R. and {Buie}, M.~W. and {Moore}, J.~M. and {Kavelaars}, J.~J. and {Lisse}, C.~M. and {Mao}, X. and {Parker}, A.~H. and {Porter}, S.~B. and {Showalter}, M.~R. and {Olkin}, C.~B. and {Cruikshank}, D.~P. and {Elliott}, H.~A. and {Gladstone}, G.~R. and {Parker}, J. Wm. and {Verbiscer}, A.~J. and {Young}, L.~A. and {New Horizons Science Team}},
        title = "{The solar nebula origin of (486958) Arrokoth, a primordial contact binary in the Kuiper Belt}",
      journal = {Science},
     keywords = {ASTRONOMY, PLANET SCI, ONLINE, Astrophysics - Earth and Planetary Astrophysics},
         year = 2020,
        month = feb,
       volume = {367},
       number = {6481},
          eid = {aay6620},
        pages = {aay6620},
          doi = {10.1126/science.aay6620},
archivePrefix = {arXiv},
       eprint = {2003.05576},
 primaryClass = {astro-ph.EP},
       adsurl = {https://ui.adsabs.harvard.edu/abs/2020Sci...367.6620M},
      adsnote = {Provided by the SAO/NASA Astrophysics Data System}
}

@ARTICLE{Morbidelli2007,
       author = {{Morbidelli}, Alessandro and {Crida}, Aur{\'e}lien},
        title = "{The dynamics of Jupiter and Saturn in the gaseous protoplanetary disk}",
      journal = {\icarus},
         year = 2007,
        month = nov,
       volume = {191},
       number = {1},
        pages = {158-171},
          doi = {10.1016/j.icarus.2007.04.001},
       adsurl = {https://ui.adsabs.harvard.edu/abs/2007Icar..191..158M},
      adsnote = {Provided by the SAO/NASA Astrophysics Data System}
}
@INPROCEEDINGS{Fraser2024LPI,
       author = {{Fraser}, W.~C. and {Porter}, S.~B. and {Benecchi}, S.~D. and {Kavelaars}, J.~J. and {Verbiscer}, A.~J. and {Weaver}, H.~A. and {Spencer}, J.~R. and {Buie}, M.~W. and {Yoshida}, F. and {Ito}, T. and {Terai}, T. and {Stern}, S.~A. and {Parker}, J.~W. and {Singer}, K.~N. and {Brandt}, P. and {Peltier}, L. and {Gerdes}, D. and {Lin}, E. and {Naiper}, K. and {New Horizons KBO Search} and {Planetary Teams}},
        title = "{The New Horizons Subaru Kuiper Belt Search}",
    booktitle = {LPI Contributions},
         year = 2024,
       series = {LPI Contributions},
       volume = {3040},
        month = mar,
          eid = {2440},
        pages = {2440},
       adsurl = {https://ui.adsabs.harvard.edu/abs/2024LPICo3040.2440F},
      adsnote = {Provided by the SAO/NASA Astrophysics Data System}
}

@ARTICLE{Fraser2024PSJ,
       author = {{Fraser}, Wesley C. and {Porter}, Simon B. and {Peltier}, Lowell and {Kavelaars}, JJ and {Verbiscer}, Anne J. and {Buie}, Marc W. and {Stern}, S. Alan and {Spencer}, John R. and {Benecchi}, Susan D. and {Terai}, Tsuyoshi and {Ito}, Takashi and {Yoshida}, Fumi and {Gerdes}, David W. and {Napier}, Kevin J. and {Lin}, Hsing Wen and {Gwyn}, Stephen D.~J. and {Smotherman}, Hayden and {Fabbro}, Sebastien and {Singer}, Kelsi N. and {Alexander}, Amanda M. and {Arimatsu}, Ko and {Banks}, Maria E. and {Bray}, Veronica J. and {Ramy El-Maarry}, Mohamed and {Ferrell}, Chelsea L. and {Fuse}, Tetsuharu and {Glass}, Florian and {Holt}, Timothy R. and {Hong}, Peng and {Ishimaru}, Ryo and {Johnson}, Perianne E. and {Lauer}, Tod R. and {Leiva}, Rodrigo and {S. Lykawka}, Patryk and {Marschall}, Raphael and {N{\'u}{\~n}ez}, Jorge I. and {Postman}, Marc and {Quirico}, Eric and {Rhoden}, Alyssa R. and {Simpson}, Anna M. and {Schenk}, Paul and {Skrutskie}, Michael F. and {Steffl}, Andrew J. and {Throop}, Henry},
        title = "{Candidate Distant Trans-Neptunian Objects Detected by the New Horizons Subaru TNO Survey}",
      journal = {\psj},
     keywords = {Kuiper Belt, Trans-Neptunian objects, Convolutional neural networks, Orbit determination, 893, 1705, 1938, 1175, Astrophysics - Earth and Planetary Astrophysics},
         year = 2024,
        month = oct,
       volume = {5},
       number = {10},
          eid = {227},
        pages = {227},
          doi = {10.3847/PSJ/ad6f9e},
archivePrefix = {arXiv},
       eprint = {2407.21142},
 primaryClass = {astro-ph.EP},
       adsurl = {https://ui.adsabs.harvard.edu/abs/2024PSJ.....5..227F},
      adsnote = {Provided by the SAO/NASA Astrophysics Data System}
}




@ARTICLE{Yoshida2024,
       author = {{Yoshida}, Fumi and {Yanagisawa}, Toshifumi and {Ito}, Takashi and {Kurosaki}, Hirohisa and {Yoshikawa}, Makoto and {Kamiya}, Kohki and {Jiang}, Ji-an and {Stern}, Alan and {Fraser}, Wesley C. and {Benecchi}, Susan D. and {Verbiscer}, Anne J.},
        title = "{A deep analysis for New Horizons' KBO search images}",
      journal = {\pasj},
     keywords = {Astrophysics - Earth and Planetary Astrophysics, Astrophysics - Instrumentation and Methods for Astrophysics},
         year = 2024,
        month = aug,
       volume = {76},
       number = {4},
        pages = {720-732},
          doi = {10.1093/pasj/psae043},
archivePrefix = {arXiv},
       eprint = {2407.05673},
 primaryClass = {astro-ph.EP},
       adsurl = {https://ui.adsabs.harvard.edu/abs/2024PASJ...76..720Y},
      adsnote = {Provided by the SAO/NASA Astrophysics Data System}
}


@ARTICLE{Bannister2016,
       author = {{Bannister}, Michele T. and {Kavelaars}, J.~J. and {Petit}, Jean-Marc and {Gladman}, Brett J. and {Gwyn}, Stephen D.~J. and {Chen}, Ying-Tung and {Volk}, Kathryn and {Alexandersen}, Mike and {Benecchi}, Susan D. and {Delsanti}, Audrey and {Fraser}, Wesley C. and {Granvik}, Mikael and {Grundy}, Will M. and {Guilbert-Lepoutre}, Aur{\'e}lie and {Hestroffer}, Daniel and {Ip}, Wing-Huen and {Jakubik}, Marian and {Jones}, R. Lynne and {Kaib}, Nathan and {Kavelaars}, Catherine F. and {Lacerda}, Pedro and {Lawler}, Samantha and {Lehner}, Matthew J. and {Lin}, Hsing Wen and {Lister}, Tim and {Lykawka}, Patryk Sofia and {Monty}, Stephanie and {Marsset}, Michael and {Murray-Clay}, Ruth and {Noll}, Keith S. and {Parker}, Alex and {Pike}, Rosemary E. and {Rousselot}, Philippe and {Rusk}, David and {Schwamb}, Megan E. and {Shankman}, Cory and {Sicardy}, Bruno and {Vernazza}, Pierre and {Wang}, Shiang-Yu},
        title = "{The Outer Solar System Origins Survey. I. Design and First-quarter Discoveries}",
      journal = {\aj},
     keywords = {Kuiper Belt: general, surveys, Astrophysics - Earth and Planetary Astrophysics},
         year = 2016,
        month = sep,
       volume = {152},
       number = {3},
          eid = {70},
        pages = {70},
          doi = {10.3847/0004-6256/152/3/70},
archivePrefix = {arXiv},
       eprint = {1511.02895},
 primaryClass = {astro-ph.EP},
       adsurl = {https://ui.adsabs.harvard.edu/abs/2016AJ....152...70B},
      adsnote = {Provided by the SAO/NASA Astrophysics Data System}
}


@ARTICLE{Grundy2020,
       author = {{Grundy}, W.~M. and {Bird}, M.~K. and {Britt}, D.~T. and {Cook}, J.~C. and {Cruikshank}, D.~P. and {Howett}, C.~J.~A. and {Krijt}, S. and {Linscott}, I.~R. and {Olkin}, C.~B. and {Parker}, A.~H. and {Protopapa}, S. and {Ruaud}, M. and {Umurhan}, O.~M. and {Young}, L.~A. and {Dalle Ore}, C.~M. and {Kavelaars}, J.~J. and {Keane}, J.~T. and {Pendleton}, Y.~J. and {Porter}, S.~B. and {Scipioni}, F. and {Spencer}, J.~R. and {Stern}, S.~A. and {Verbiscer}, A.~J. and {Weaver}, H.~A. and {Binzel}, R.~P. and {Buie}, M.~W. and {Buratti}, B.~J. and {Cheng}, A. and {Earle}, A.~M. and {Elliott}, H.~A. and {Gabasova}, L. and {Gladstone}, G.~R. and {Hill}, M.~E. and {Horanyi}, M. and {Jennings}, D.~E. and {Lunsford}, A.~W. and {McComas}, D.~J. and {McKinnon}, W.~B. and {McNutt}, R.~L. and {Moore}, J.~M. and {Parker}, J.~W. and {Quirico}, E. and {Reuter}, D.~C. and {Schenk}, P.~M. and {Schmitt}, B. and {Showalter}, M.~R. and {Singer}, K.~N. and {Weigle}, G.~E. and {Zangari}, A.~M.},
        title = "{Color, composition, and thermal environment of Kuiper Belt object (486958) Arrokoth}",
      journal = {Science},
     keywords = {PLANET SCI; ONLINE, Astrophysics - Earth and Planetary Astrophysics},
         year = 2020,
        month = feb,
       volume = {367},
       number = {6481},
          eid = {aay3705},
        pages = {aay3705},
          doi = {10.1126/science.aay3705},
archivePrefix = {arXiv},
       eprint = {2002.06720},
 primaryClass = {astro-ph.EP},
       adsurl = {https://ui.adsabs.harvard.edu/abs/2020Sci...367.3705G},
      adsnote = {Provided by the SAO/NASA Astrophysics Data System}
}


@ARTICLE{Nesvorny2023,
       author = {{Nesvorn{\'y}}, David and {Bernardinelli}, Pedro and {Vokrouhlick{\'y}}, David and {Batygin}, Konstantin},
        title = "{Radial distribution of distant trans-Neptunian objects points to Sun's formation in a stellar cluster}",
      journal = {\icarus},
     keywords = {Trans-Neptunian objects, Astrophysics - Earth and Planetary Astrophysics, Astrophysics - Astrophysics of Galaxies, Astrophysics - Solar and Stellar Astrophysics},
         year = 2023,
        month = dec,
       volume = {406},
          eid = {115738},
        pages = {115738},
          doi = {10.1016/j.icarus.2023.115738},
archivePrefix = {arXiv},
       eprint = {2308.11059},
 primaryClass = {astro-ph.EP},
       adsurl = {https://ui.adsabs.harvard.edu/abs/2023Icar..40615738N},
      adsnote = {Provided by the SAO/NASA Astrophysics Data System}
}

@ARTICLE{Nesvorny2023PSJ,
       author = {{Nesvorn{\'y}}, David and {Dones}, Luke and {De Pr{\'a}}, Mario and {Womack}, Maria and {Zahnle}, Kevin J.},
        title = "{Impact Rates in the Outer Solar System}",
      journal = {\psj},
     keywords = {Comet dynamics, Comet origins, Natural satellite evolution, Irregular satellites, Natural satellite surfaces, Impact phenomena, Craters, 2213, 2203, 2297, 2027, 2208, 779, 2282, Astrophysics - Earth and Planetary Astrophysics},
         year = 2023,
        month = aug,
       volume = {4},
       number = {8},
          eid = {139},
        pages = {139},
          doi = {10.3847/PSJ/ace8ff},
archivePrefix = {arXiv},
       eprint = {2307.15670},
 primaryClass = {astro-ph.EP},
       adsurl = {https://ui.adsabs.harvard.edu/abs/2023PSJ.....4..139N},
      adsnote = {Provided by the SAO/NASA Astrophysics Data System}
}

@ARTICLE{Nesvorny2022,
       author = {{Nesvorn{\'y}}, David and {Vokrouhlick{\'y}}, David and {Fraser}, Wesley C.},
        title = "{Dynamical Implantation of Blue Binaries in the Cold Classical Kuiper Belt}",
      journal = {\aj},
     keywords = {893, Astrophysics - Earth and Planetary Astrophysics},
         year = 2022,
        month = mar,
       volume = {163},
       number = {3},
          eid = {137},
        pages = {137},
          doi = {10.3847/1538-3881/ac4bc9},
archivePrefix = {arXiv},
       eprint = {2201.02747},
 primaryClass = {astro-ph.EP},
       adsurl = {https://ui.adsabs.harvard.edu/abs/2022AJ....163..137N},
      adsnote = {Provided by the SAO/NASA Astrophysics Data System}
}

@ARTICLE{Nesvorny2021,
       author = {{Nesvorn{\'y}}, David and {Li}, Rixin and {Simon}, Jacob B. and {Youdin}, Andrew N. and {Richardson}, Derek C. and {Marschall}, Raphael and {Grundy}, William M.},
        title = "{Binary Planetesimal Formation from Gravitationally Collapsing Pebble Clouds}",
      journal = {\psj},
     keywords = {Planetesimals, Kuiper Belt, Planet formation, Protoplanetary disks, Gravitational collapse, 1259, 893, 1241, 1300, 662, Astrophysics - Earth and Planetary Astrophysics},
         year = 2021,
        month = feb,
       volume = {2},
       number = {1},
          eid = {27},
        pages = {27},
          doi = {10.3847/PSJ/abd858},
archivePrefix = {arXiv},
       eprint = {2011.07042},
 primaryClass = {astro-ph.EP},
       adsurl = {https://ui.adsabs.harvard.edu/abs/2021PSJ.....2...27N},
      adsnote = {Provided by the SAO/NASA Astrophysics Data System}
}
@ARTICLE{Stern2023,
       author = {{Stern}, S.~A. and {White}, O.~L. and {Grundy}, W.~M. and {Keeney}, B.~A. and {Hofgartner}, J.~D. and {Nesvorn{\'y}}, D. and {McKinnon}, W.~B. and {Richardson}, D.~C. and {Marohnic}, J.~C. and {Verbiscer}, A.~J. and {Benecchi}, S.~D. and {Schenk}, P.~M. and {Moore}, J.~M. and {New Horizons Geology} and {Geophysics Investigation Team}},
        title = "{The Properties and Origin of Kuiper Belt Object Arrokoth's Large Mounds}",
      journal = {\psj},
     keywords = {Kuiper belt, Classical Kuiper belt objects, Trans-Neptunian objects, Planetesimals, Accretion, 893, 250, 1705, 1259, 14, Astrophysics - Earth and Planetary Astrophysics},
         year = 2023,
        month = sep,
       volume = {4},
       number = {9},
          eid = {176},
        pages = {176},
          doi = {10.3847/PSJ/acf317},
archivePrefix = {arXiv},
       eprint = {2308.16834},
 primaryClass = {astro-ph.EP},
       adsurl = {https://ui.adsabs.harvard.edu/abs/2023PSJ.....4..176S},
      adsnote = {Provided by the SAO/NASA Astrophysics Data System}
}


@INPROCEEDINGS{Peltier2022,
       author = {{Peltier}, Lowell and {Kavelaars}, J. and {Fraser}, Wesley and {Porter}, Simon and {Lawler}, Samantha and {The New Horizons Team}},
        title = "{Exploring the Distant Solar System with New Horizons, a sample of distant KBOs discovered with Subaru Hyper Suprime-Cam}",
    booktitle = {AAS/Division for Planetary Sciences Meeting Abstracts},
         year = 2022,
       series = {AAS/Division for Planetary Sciences Meeting Abstracts},
       volume = {54},
        month = dec,
          eid = {501.09},
        pages = {501.09},
       adsurl = {https://ui.adsabs.harvard.edu/abs/2022DPS....5450109P},
      adsnote = {Provided by the SAO/NASA Astrophysics Data System}
}




@ARTICLE{Verbiscer2022,
       author = {{Verbiscer}, Anne J. and {Helfenstein}, Paul and {Porter}, Simon B. and {Benecchi}, Susan D. and {Kavelaars}, J.~J. and {Lauer}, Tod R. and {Peng}, Jinghan and {Protopapa}, Silvia and {Spencer}, John R. and {Stern}, S. Alan and {Weaver}, Harold A. and {Buie}, Marc W. and {Buratti}, Bonnie J. and {Olkin}, Catherine B. and {Parker}, Joel and {Singer}, Kelsi N. and {Young}, Leslie A. and {New Horizons Science Team}},
        title = "{The Diverse Shapes of Dwarf Planet and Large KBO Phase Curves Observed from New Horizons}",
      journal = {\psj},
     keywords = {Planetary surfaces, Kuiper belt, Surface photometry, 2113, 893, 1670},
         year = 2022,
        month = apr,
       volume = {3},
       number = {4},
          eid = {95},
        pages = {95},
          doi = {10.3847/PSJ/ac63a6},
       adsurl = {https://ui.adsabs.harvard.edu/abs/2022PSJ.....3...95V},
      adsnote = {Provided by the SAO/NASA Astrophysics Data System}
}

@ARTICLE{Verbiscer2019,
       author = {{Verbiscer}, Anne J. and {Porter}, Simon and {Benecchi}, Susan D. and {Kavelaars}, J.~J. and {Weaver}, Harold A. and {Spencer}, John R. and {Buie}, Marc W. and {Tholen}, David and {Buratti}, Bonnie J. and {Helfenstein}, Paul and {Parker}, Alex H. and {Olkin}, Catherine B. and {Parker}, Joel and {Stern}, S. Alan and {Young}, Leslie A. and {Ennico-Smith}, Kimberly and {Singer}, Kelsi N. and {Cheng}, Andrew F. and {Lisse}, Carey M. and {New Horizons Science Team}},
        title = "{Phase Curves from the Kuiper Belt: Photometric Properties of Distant Kuiper Belt Objects Observed by New Horizons}",
      journal = {\aj},
     keywords = {Kuiper Belt objects: individual},
         year = 2019,
        month = sep,
       volume = {158},
       number = {3},
          eid = {123},
        pages = {123},
          doi = {10.3847/1538-3881/ab3211},
       adsurl = {https://ui.adsabs.harvard.edu/abs/2019AJ....158..123V},
      adsnote = {Provided by the SAO/NASA Astrophysics Data System}
}



@ARTICLE{Bernstein2004,
       author = {{Bernstein}, G.~M. and {Trilling}, D.~E. and {Allen}, R.~L. and {Brown}, M.~E. and {Holman}, M. and {Malhotra}, R.},
        title = "{The Size Distribution of Trans-Neptunian Bodies}",
      journal = {\aj},
     keywords = {Kuiper Belt, Solar System: Formation, Astrophysics},
         year = 2004,
        month = sep,
       volume = {128},
       number = {3},
        pages = {1364-1390},
          doi = {10.1086/422919},
archivePrefix = {arXiv},
       eprint = {astro-ph/0308467},
 primaryClass = {astro-ph},
       adsurl = {https://ui.adsabs.harvard.edu/abs/2004AJ....128.1364B},
      adsnote = {Provided by the SAO/NASA Astrophysics Data System}
}

@INPROCEEDINGS{Porter2023,
       author = {{Porter}, Simon and {Singer}, Kelsi and {Schenk}, Paul and {Benecchi}, Susan and {Grundy}, William and {Verbiscer}, Anne and {Parker}, Joel and {Spencer}, John and {Brandt}, Pontus and {Stern}, Alan and {New Horizons Geology}, Geophysics, and {Imaging Team}},
        title = "{Constraints on the Formation of Classical KBOs from the Shape of Arrokoth}",
    booktitle = {AAS/Division for Planetary Sciences Meeting Abstracts},
         year = 2023,
       series = {AAS/Division for Planetary Sciences Meeting Abstracts},
       volume = {55},
        month = oct,
          eid = {209.01},
        pages = {209.01},
       adsurl = {https://ui.adsabs.harvard.edu/abs/2023DPS....5520901P},
      adsnote = {Provided by the SAO/NASA Astrophysics Data System}
}


@ARTICLE{Grundy2019,
       author = {{Grundy}, W.~M. and {Noll}, K.~S. and {Roe}, H.~G. and {Buie}, M.~W. and {Porter}, S.~B. and {Parker}, A.~H. and {Nesvorn{\'y}}, D. and {Levison}, H.~F. and {Benecchi}, S.~D. and {Stephens}, D.~C. and {Trujillo}, C.~A.},
        title = "{Mutual orbit orientations of transneptunian binaries}",
      journal = {\icarus},
     keywords = {Kuiper Belt, Transneptunian objects, Satellites, Hubble Space Telescope observations},
         year = 2019,
        month = dec,
       volume = {334},
        pages = {62-78},
          doi = {10.1016/j.icarus.2019.03.035},
       adsurl = {https://ui.adsabs.harvard.edu/abs/2019Icar..334...62G},
      adsnote = {Provided by the SAO/NASA Astrophysics Data System}
}

@incollection{Kavelaars2020,
title = {Chapter 3 - Perspectives on the distribution of orbits of distant Trans-Neptunian objects},
editor = {Dina Prialnik and M. Antonietta Barucci and Leslie A. Young},
booktitle = {The Trans-Neptunian Solar System},
publisher = {Elsevier},
pages = {61-77},
year = {2020},
isbn = {978-0-12-816490-7},
doi = {https://doi.org/10.1016/B978-0-12-816490-7.00003-5},
url = {https://www.sciencedirect.com/science/article/pii/B9780128164907000035},
author = {J.J. Kavelaars and Samantha M. Lawler and Michele T. Bannister and Cory Shankman},
keywords = {Extreme TNOs, Aligned orbits, Kuiper belt surveys},
abstract = {Looking at the orbits of small bodies with large semimajor axes, we are compelled to see patterns. Some of these patterns are noted as strong indicators of new or hidden processes in the outer solar system, others are substantially generated by observational biases, and still others may be completely overlooked. We can gain insight into the current and past structure of the outer solar system through a careful examination of these orbit patterns. In this chapter, we discuss the implications of the observed orbital distribution of distant Trans-Neptunian objects (TNOs). We start with some cautions on how observational biases must affect the known set of TNO orbits. Some of these biases are intrinsic to the process of discovering TNOs, while others can be reduced or eliminated through careful observational survey design. We discuss some orbital element correlations that have received considerable attention in the recent literature. We examine the known TNOs in the context of the gravitational processes that the known solar system induces in orbital distributions. We discuss proposed new elements of the outer solar system, posited ancient processes, and the types of TNO orbital element distributions that they predict to exist. We conclude with speculation.}
}


@ARTICLE{Kral2017,
       author = {{Kral}, Quentin and {Krivov}, Alexander V. and {Defr{\`e}re}, Denis and {van Lieshout}, Rik and {Bonsor}, Amy and {Augereau}, Jean-Charles and {Th{\'e}bault}, Philippe and {Ertel}, Steve and {Lebreton}, J{\'e}r{\'e}my and {Absil}, Olivier},
        title = "{Exozodiacal clouds: hot and warm dust around main sequence stars}",
      journal = {The Astronomical Review},
     keywords = {Astrophysics - Earth and Planetary Astrophysics},
         year = 2017,
        month = apr,
       volume = {13},
       number = {2},
        pages = {69-111},
          doi = {10.1080/21672857.2017.1353202},
archivePrefix = {arXiv},
       eprint = {1703.02540},
 primaryClass = {astro-ph.EP},
       adsurl = {https://ui.adsabs.harvard.edu/abs/2017AstRv..13...69K},
      adsnote = {Provided by the SAO/NASA Astrophysics Data System}
}


@ARTICLE{Yang2024,
       author = {{Yang}, Hongjing and {Zang}, Weicheng and {Gan}, Tianjun and {Kuang}, Renkun and {Gould}, Andrew and {Mao}, Shude},
        title = "{How Rare are TESS Free-Floating Planets?}",
      journal = {arXiv e-prints},
     keywords = {Astrophysics - Earth and Planetary Astrophysics, Astrophysics - Astrophysics of Galaxies},
         year = 2024,
        month = may,
          eid = {arXiv:2405.02279},
        pages = {arXiv:2405.02279},
          doi = {10.48550/arXiv.2405.02279},
archivePrefix = {arXiv},
       eprint = {2405.02279},
 primaryClass = {astro-ph.EP},
       adsurl = {https://ui.adsabs.harvard.edu/abs/2024arXiv240502279Y},
      adsnote = {Provided by the SAO/NASA Astrophysics Data System}
}

@ARTICLE{Ivshina2022,
       author = {{Ivshina}, Ekaterina S. and {Winn}, Joshua N.},
        title = "{TESS Transit Timing of Hundreds of Hot Jupiters}",
      journal = {\apjs},
     keywords = {Exoplanet astronomy, Hot Jupiters, Transit timing variation method, Exoplanets, 486, 753, 1710, 498, Astrophysics - Earth and Planetary Astrophysics},
         year = 2022,
        month = apr,
       volume = {259},
       number = {2},
          eid = {62},
        pages = {62},
          doi = {10.3847/1538-4365/ac545b},
archivePrefix = {arXiv},
       eprint = {2202.03401},
 primaryClass = {astro-ph.EP},
       adsurl = {https://ui.adsabs.harvard.edu/abs/2022ApJS..259...62I},
      adsnote = {Provided by the SAO/NASA Astrophysics Data System}
}



@ARTICLE{Kaltenegger2019,
       author = {{Kaltenegger}, L. and {Pepper}, J. and {Stassun}, K. and {Oelkers}, R.},
        title = "{TESS Habitable Zone Star Catalog}",
      journal = {\apjl},
     keywords = {astrobiology, astronomical databases, catalogs, planets and satellites: detection, planets and satellites: terrestrial planets, stars: general, Astrophysics - Earth and Planetary Astrophysics},
         year = 2019,
        month = mar,
       volume = {874},
       number = {1},
          eid = {L8},
        pages = {L8},
          doi = {10.3847/2041-8213/ab0e8d},
archivePrefix = {arXiv},
       eprint = {1903.11539},
 primaryClass = {astro-ph.EP},
       adsurl = {https://ui.adsabs.harvard.edu/abs/2019ApJ...874L...8K},
      adsnote = {Provided by the SAO/NASA Astrophysics Data System}
}
@INCOLLECTION{Gladman2008,
       author = {{Gladman}, B. and {Marsden}, B.~G. and {Vanlaerhoven}, C.},
        title = "{Nomenclature in the Outer Solar System}",
    booktitle = {The Solar System Beyond Neptune},
         year = 2008,
       editor = {{Barucci}, M.~A. and {Boehnhardt}, H. and {Cruikshank}, D.~P. and {Morbidelli}, A. and {Dotson}, Renee},
        pages = {43-57},
       adsurl = {https://ui.adsabs.harvard.edu/abs/2008ssbn.book...43G},
      adsnote = {Provided by the SAO/NASA Astrophysics Data System}
}

@ARTICLE{Elliot2005,
       author = {{Elliot}, J.~L. and {Kern}, S.~D. and {Clancy}, K.~B. and {Gulbis}, A.~A.~S. and {Millis}, R.~L. and {Buie}, M.~W. and {Wasserman}, L.~H. and {Chiang}, E.~I. and {Jordan}, A.~B. and {Trilling}, D.~E. and {Meech}, K.~J.},
        title = "{The Deep Ecliptic Survey: A Search for Kuiper Belt Objects and Centaurs. II. Dynamical Classification, the Kuiper Belt Plane, and the Core Population}",
      journal = {\aj},
     keywords = {Astrometry, Comets: General, Kuiper Belt, Methods: Observational, Planets and Satellites: General, Solar System: General, Surveys},
         year = 2005,
        month = feb,
       volume = {129},
       number = {2},
        pages = {1117-1162},
          doi = {10.1086/427395},
       adsurl = {https://ui.adsabs.harvard.edu/abs/2005AJ....129.1117E},
      adsnote = {Provided by the SAO/NASA Astrophysics Data System}
}


@ARTICLE{Chambers2023,
       author = {{Chambers}, John},
        title = "{Making the Solar System}",
      journal = {\apj},
     keywords = {Planet formation, Solar system, Solar system gas giant planets, Solar system terrestrial planets, Solar nebulae, Mercury (planet), Planetesimals, 1241, 1528, 1191, 797, 1508, 1024, 1259, Astrophysics - Earth and Planetary Astrophysics},
         year = 2023,
        month = feb,
       volume = {944},
       number = {2},
          eid = {127},
        pages = {127},
          doi = {10.3847/1538-4357/aca96f},
archivePrefix = {arXiv},
       eprint = {2212.04290},
 primaryClass = {astro-ph.EP},
       adsurl = {https://ui.adsabs.harvard.edu/abs/2023ApJ...944..127C},
      adsnote = {Provided by the SAO/NASA Astrophysics Data System}
}


@misc{lsstsciencecollaboration2009lsst,
      title={LSST Science Book, Version 2.0}, 
      author={LSST Science Collaboration and Paul A. Abell and Julius Allison and Scott F. Anderson and John R. Andrew and J. Roger P. Angel and Lee Armus and David Arnett and S. J. Asztalos and Tim S. Axelrod and Stephen Bailey and D. R. Ballantyne and Justin R. Bankert and Wayne A. Barkhouse and Jeffrey D. Barr and L. Felipe Barrientos and Aaron J. Barth and James G. Bartlett and Andrew C. Becker and Jacek Becla and Timothy C. Beers and Joseph P. Bernstein and Rahul Biswas and Michael R. Blanton and Joshua S. Bloom and John J. Bochanski and Pat Boeshaar and Kirk D. Borne and Marusa Bradac and W. N. Brandt and Carrie R. Bridge and Michael E. Brown and Robert J. Brunner and James S. Bullock and Adam J. Burgasser and James H. Burge and David L. Burke and Phillip A. Cargile and Srinivasan Chandrasekharan and George Chartas and Steven R. Chesley and You-Hua Chu and David Cinabro and Mark W. Claire and Charles F. Claver and Douglas Clowe and A. J. Connolly and Kem H. Cook and Jeff Cooke and Asantha Cooray and Kevin R. Covey and Christopher S. Culliton and Roelof de Jong and Willem H. de Vries and Victor P. Debattista and Francisco Delgado and Ian P. Dell'Antonio and Saurav Dhital and Rosanne Di Stefano and Mark Dickinson and Benjamin Dilday and S. G. Djorgovski and Gregory Dobler and Ciro Donalek and Gregory Dubois-Felsmann and Josef Durech and Ardis Eliasdottir and Michael Eracleous and Laurent Eyer and Emilio E. Falco and Xiaohui Fan and Christopher D. Fassnacht and Harry C. Ferguson and Yanga R. Fernandez and Brian D. Fields and Douglas Finkbeiner and Eduardo E. Figueroa and Derek B. Fox and Harold Francke and James S. Frank and Josh Frieman and Sebastien Fromenteau and Muhammad Furqan and Gaspar Galaz and A. Gal-Yam and Peter Garnavich and Eric Gawiser and John Geary and Perry Gee and Robert R. Gibson and Kirk Gilmore and Emily A. Grace and Richard F. Green and William J. Gressler and Carl J. Grillmair and Salman Habib and J. S. Haggerty and Mario Hamuy and Alan W. Harris and Suzanne L. Hawley and Alan F. Heavens and Leslie Hebb and Todd J. Henry and Edward Hileman and Eric J. Hilton and Keri Hoadley and J. B. Holberg and Matt J. Holman and Steve B. Howell and Leopoldo Infante and Zeljko Ivezic and Suzanne H. Jacoby and Bhuvnesh Jain and R and Jedicke and M. James Jee and J. Garrett Jernigan and Saurabh W. Jha and Kathryn V. Johnston and R. Lynne Jones and Mario Juric and Mikko Kaasalainen and Styliani and Kafka and Steven M. Kahn and Nathan A. Kaib and Jason Kalirai and Jeff Kantor and Mansi M. Kasliwal and Charles R. Keeton and Richard Kessler and Zoran Knezevic and Adam Kowalski and Victor L. Krabbendam and K. Simon Krughoff and Shrinivas Kulkarni and Stephen Kuhlman and Mark Lacy and Sebastien Lepine and Ming Liang and Amy Lien and Paulina Lira and Knox S. Long and Suzanne Lorenz and Jennifer M. Lotz and R. H. Lupton and Julie Lutz and Lucas M. Macri and Ashish A. Mahabal and Rachel Mandelbaum and Phil Marshall and Morgan May and Peregrine M. McGehee and Brian T. Meadows and Alan Meert and Andrea Milani and Christopher J. Miller and Michelle Miller and David Mills and Dante Minniti and David Monet and Anjum S. Mukadam and Ehud Nakar and Douglas R. Neill and Jeffrey A. Newman and Sergei Nikolaev and Martin Nordby and Paul O'Connor and Masamune Oguri and John Oliver and Scot S. Olivier and Julia K. Olsen and Knut Olsen and Edward W. Olszewski and Hakeem Oluseyi and Nelson D. Padilla and Alex Parker and Joshua Pepper and John R. Peterson and Catherine Petry and Philip A. Pinto and James L. Pizagno and Bogdan Popescu and Andrej Prsa and Veljko Radcka and M. Jordan Raddick and Andrew Rasmussen and Arne Rau and Jeonghee Rho and James E. Rhoads and Gordon T. Richards and Stephen T. Ridgway and Brant E. Robertson and Rok Roskar and Abhijit Saha and Ata Sarajedini and Evan Scannapieco and Terry Schalk and Rafe Schindler and Samuel Schmidt and Sarah Schmidt and Donald P. Schneider and German Schumacher and Ryan Scranton and Jacques Sebag and Lynn G. Seppala and Ohad Shemmer and Joshua D. Simon and M. Sivertz and Howard A. Smith and J. Allyn Smith and Nathan Smith and Anna H. Spitz and Adam Stanford and Keivan G. Stassun and Jay Strader and Michael A. Strauss and Christopher W. Stubbs and Donald W. Sweeney and Alex Szalay and Paula Szkody and Masahiro Takada and Paul Thorman and David E. Trilling and Virginia Trimble and Anthony Tyson and Richard Van Berg and Daniel Vanden Berk and Jake VanderPlas and Licia Verde and Bojan Vrsnak and Lucianne M. Walkowicz and Benjamin D. Wandelt and Sheng Wang and Yun Wang and Michael Warner and Risa H. Wechsler and Andrew A. West and Oliver Wiecha and Benjamin F. Williams and Beth Willman and David Wittman and Sidney C. Wolff and W. Michael Wood-Vasey and Przemek Wozniak and Patrick Young and Andrew Zentner and Hu Zhan},
      year={2009},
      eprint={0912.0201},
      archivePrefix={arXiv},
      primaryClass={astro-ph.IM}
}
@article{DESCH2017,
title = {Differentiation and cryovolcanism on Charon: A view before and after New Horizons},
journal = {Icarus},
volume = {287},
pages = {175-186},
year = {2017},
note = {Special Issue: The Pluto System},
issn = {0019-1035},
doi = {https://doi.org/10.1016/j.icarus.2016.11.037},
url = {https://www.sciencedirect.com/science/article/pii/S0019103516307904},
author = {S.J. Desch and M. Neveu},
keywords = {Charon, Interiors, Satellites, Formation, Volcanism},
abstract = {Before the arrival of the New Horizons probe at the Pluto-Charon system, we developed a series of models that predicted that Kuiper Belt Objects, even as small and as cold as Charon, have experienced internal ice-rock differentiation and possibly cryovolcanism. Confronting these predictions is a wide array of spectroscopy, imagery, and other data from New Horizons. In this article we compare the predictions against the new observations, and find that they largely support the expected history of the Pluto system and the evolution of Charon. Following the collision of two partially differentiated impactors with radii ≈1000 km, a disk of material formed around Pluto, from which Charon and Pluto’s other moons formed. Because the impactors did not completely differentiate, the disk contained rocky material from their crusts, explaining the moons’ different densities and compositions. Long-lived radionuclides in Charon, assisted by ammonia antifreeze in the ice, melted ice and created a subsurface ocean that eventually refroze ≈1.7−2.5 Gyr ago. The freezing of this ocean would have created extensional stresses that possibly created Serenity Chasma, and could have led to widespread resurfacing, explaining the apparently younger age of Vulcan Planum. Buildup of radiogenic heat then created a second, smaller ocean that refroze 0.5–1.7 Gyr ago. As it froze, cryovolcanism would have been enabled, possibly creating Kubrick Mons. Charon’s “moated mountains” such as Kubrick Mons have a natural explanation as cryovolcanoes depressing a thin lithosphere over a cryomagma chamber. We offer further predictions about other aspects of Charon’s surface. Our previous predictions that Charon is a world shaped by geological activity have been largely borne out by New Horizons observations.}
}

@article{WONG2017,
title = {The photochemistry of Pluto's atmosphere as illuminated by New Horizons},
journal = {Icarus},
volume = {287},
pages = {110-115},
year = {2017},
note = {Special Issue: The Pluto System},
issn = {0019-1035},
doi = {https://doi.org/10.1016/j.icarus.2016.09.028},
url = {https://www.sciencedirect.com/science/article/pii/S0019103516306145},
author = {Michael L. Wong and Siteng Fan and Peter Gao and Mao-Chang Liang and Run-Lie Shia and Yuk L. Yung and Joshua A. Kammer and Michael E. Summers and G. Randall Gladstone and Leslie A. Young and Catherine B. Olkin and Kimberly Ennico and Harold A. Weaver and S. Alan Stern},
keywords = {Pluto, atmosphere, Atmospheres, composition, Atmospheres, chemistry, Photochemistry},
abstract = {New Horizons has granted us an unprecedented glimpse at the structure and composition of Pluto's atmosphere, which is comprised mostly of N2 with trace amounts of CH4, CO, and the photochemical products thereof. Through photochemistry, higher-order hydrocarbons are generated, coagulating into aerosols and resulting in global haze layers. Here we present a state-of-the-art photochemical model for Pluto's atmosphere to explain the abundance profiles of CH4, C2H2, C2H4, and C2H6, the total column density of HCN, and to predict the abundance profiles of oxygen-bearing species. The CH4 profile can be best matched by taking a constant-with-altitude eddy diffusion coefficient Kzz profile of 1 × 103 cm2 s–1 and a fixed CH4 surface mixing ratio of 4 × 10–3. Condensation is key to fitting the C2 hydrocarbon profiles. We find that C2H4 must have a much lower saturation vapor pressure than predicted by extrapolations of laboratory measurements to Pluto temperatures. We also find best-fit values for the sticking coefficients of C2H2, C2H4, C2H6, and HCN. The top three precipitating species are C2H2, C2H4, and C2H6, with precipitation rates of 179, 95, and 62 g cm–2 s–1, respectively.}
}

@article{KRASNOPOLSKY2020,
title = {A photochemical model of Pluto's atmosphere and ionosphere},
journal = {Icarus},
volume = {335},
pages = {113374},
year = {2020},
issn = {0019-1035},
doi = {https://doi.org/10.1016/j.icarus.2019.07.008},
url = {https://www.sciencedirect.com/science/article/pii/S0019103519302313},
author = {Vladimir A. Krasnopolsky},
abstract = {The model for Titan by Krasnopolsky (2014, Icarus 236, 83-91) has been adjusted to Pluto's conditions during the New Horizons flyby. The model includes 419 reactions of 83 neutrals and 33 positive ions plus 10 reactions of CO+ and HCO+ that were missing for Titan because of the low CO abundance. The model has 289 altitude steps up to the exobase at 1600 km with thermal escape for neutrals and diffusion velocities for ions as the upper boundary conditions. The model involves condensation on the haze and the surface with sticking coefficient γ = 0.002 for hydrocarbons, H2O, and CO2, γ = 0.01 for nitriles except HC3N with γ = 0.1. The photochemistry is driven by the solar EUV and UV radiation, the interplanetary Lyman-alpha emission, and the galactic cosmic rays. The adopted eddy diffusion K = 3 × 104 cm2 s−1 facilitates transport of C2H4 and C2H6, their condensation on the surface, and does not require the revision of the laboratory data on saturated vapor densities of C2H4 and C2H6 by orders of magnitude to fit the New Horizons observations. The CH4 homopause is at 110 km for this K, and the CH4 vertical profile is mostly controlled by molecular diffusion and agrees with the NH observations. Productions and losses of major hydrocarbons, nitriles, oxygen species, and hydrogen are briefly discussed. The daytime ionosphere is predicted with a maximum electron density of 800 cm−3 at 750 km. The most abundant ions are HCNH+ and C9H11+ above and below 600 km, respectively. Chemical effects of the ion reactions on some neutral species are significant. The predicted ion densities are measurable by an analog of the Cassini ion-neutral mass spectrometer. Evolution of the atmosphere includes thermal escape of H2 + H, CH4 + CH3, and N2 + N (92, 203, and 1 g cm−2 Byr−1, respectively), condensation of hydrocarbons and nitriles (306 and 101 g cm−2 Byr−1, respectively), and polymerization (30 g cm−2 Byr−1). (Annually mean values are halves of those.) The composition and photochemistry of Pluto during the New Horizons flyby are very different from those of Triton during the Voyager 2 flyby and controlled by the methane mole fraction near the surface. Seasonal variations of the atmospheric methane should cover both states of the atmospheres on both Pluto and Triton.}
}

@ARTICLE{Buie2024,
       author = {{Buie}, Marc W. and {Spencer}, John R. and {Porter}, Simon B. and {Benecchi}, Susan D. and {Parker}, Alex H. and {Stern}, S. Alan and {Belton}, Michael and {Binzel}, Richard P. and {Borncamp}, David and {DeMeo}, Francesca and {Fabbro}, S. and {Fuentes}, Cesar and {Furusawa}, Hisanori and {Fuse}, Tetsuharu and {Gay}, Pamela L. and {Gwyn}, Stephen and {Holman}, Matthew J. and {Karoji}, H. and {Kavelaars}, J.~J. and {Kinoshita}, Daisuke and {Miyazaki}, Satoshi and {Mountain}, Matt and {Noll}, Keith S. and {Osip}, David J. and {Petit}, Jean-Marc and {Reid}, I. Neill and {Sheppard}, Scott S. and {Showalter}, Mark and {Steffl}, Andrew J. and {Sterner}, Ray E. and {Tajitsu}, Akito and {Tholen}, David J. and {Trilling}, David E. and {Weaver}, Harold A. and {Verbiscer}, Anne J. and {Wasserman}, Lawrence H. and {Yamashita}, Takuji and {Yanagisawa}, Toshifumi and {Yoshida}, Fumi and {Zangari}, Amanda M.},
        title = "{The New Horizons Extended Mission Target: Arrokoth Search and Discovery}",
      journal = {\psj},
     keywords = {Trans-Neptunian objects, Astrometry, 1705, 80, Astrophysics - Earth and Planetary Astrophysics, Astrophysics - Instrumentation and Methods for Astrophysics},
         year = 2024,
        month = sep,
       volume = {5},
       number = {9},
          eid = {196},
        pages = {196},
          doi = {10.3847/PSJ/ad676d},
archivePrefix = {arXiv},
       eprint = {2403.04927},
 primaryClass = {astro-ph.EP},
       adsurl = {https://ui.adsabs.harvard.edu/abs/2024PSJ.....5..196B},
      adsnote = {Provided by the SAO/NASA Astrophysics Data System}
}




@INPROCEEDINGS{Penny2020,
       author = {{Penny}, M. and {Mishaps Collaboration}},
        title = "{MISHAPS: Measuring the Occurrence Rates of Hot Jupiters in the Alpha-Rich Galactic Bulge}",
    booktitle = {American Astronomical Society Meeting Abstracts \#235},
         year = 2020,
       series = {American Astronomical Society Meeting Abstracts},
       volume = {235},
        month = jan,
          eid = {249.01},
        pages = {249.01},
       adsurl = {https://ui.adsabs.harvard.edu/abs/2020AAS...23524901P},
      adsnote = {Provided by the SAO/NASA Astrophysics Data System}
}

@INPROCEEDINGS{Porter2024,
       author = {{Porter}, Simon and {Singer}, Kelsi N. and {Schenk}, Paul and {Verbiscer}, Anne and {Grundy}, William M. and {Benecchi}, Susan and {Parker}, Joel Wm. and {Brandt}, Pontus and {Stern}, S. Alan},
        title = "{Shapes of Arrokoth and other Kuiper Belt Objects from New Horizons}",
    booktitle = {AGU Meeting Abstracts},
         year = 2024,
       volume = {2024},
        month = dec,
          eid = {P24B-03},
        pages = {P24B-03},
    url = {https://agu.confex.com/agu/agu24/meetingapp.cgi/Paper/1679982}
}

% Please also cite the packages that are utilized by Sorcha:

% ASSIST:

@ARTICLE{2023PSJ.....4...69H,
author = {{Holman}, Matthew J. and {Akmal}, Arya and {Farnocchia}, Davide and {Rein}, Hanno and {Payne}, Matthew J. and {Weryk}, Robert and {Tamayo}, Daniel and {Hernandez}, David M.},
title = "{ASSIST: An Ephemeris-quality Test-particle Integrator}",
journal = {\psj},
keywords = {Ephemerides, N-body simulations, Asteroid dynamics, Comet dynamics, 464, 1083, 2210, 2213, Astrophysics - Earth and Planetary Astrophysics, Astrophysics - Instrumentation and Methods for Astrophysics},
year = 2023,
month = apr,
volume = {4},
number = {4},
eid = {69},
pages = {69},
doi = {10.3847/PSJ/acc9a9},
archivePrefix = {arXiv},
eprint = {2303.16246},
primaryClass = {astro-ph.EP},
adsurl = {https://ui.adsabs.harvard.edu/abs/2023PSJ.....4...69H},
adsnote = {Provided by the SAO/NASA Astrophysics Data System}
}


@misc{hanno_rein_2023_7778017,
author       = {Hanno Rein and Matthew Holman and Arya Akmal},
title        = {matthewholman/assist: v1.1.1},
month        = mar,
year         = 2023,
publisher    = {Zenodo},
version      = {v1.1.1},
doi          = {10.5281/zenodo.7778017},
url          = {https://doi.org/10.5281/zenodo.7778017}
}

% Astropy:

@ARTICLE{2013A&A...558A..33A,
 author = {{Astropy Collaboration} and {Robitaille}, Thomas P. and {Tollerud}, Erik J. and {Greenfield}, Perry and {Droettboom},  Michael and {Bray}, Erik and {Aldcroft}, Tom and {Davis}, Matt and {Ginsburg}, Adam and {Price-Whelan}, Adrian M. and {Kerzendorf},  Wolfgang E. and {Conley}, Alexander and {Crighton}, Neil and {Barbary}, Kyle and {Muna}, Demitri and {Ferguson}, Henry  and {Grollier}, Fr{\'e}d{\'e}ric and {Parikh}, Madhura M. and {Nair}, Prasanth H. and {Unther}, Hans M. and {Deil}, Christoph  and {Woillez}, Julien and {Conseil}, Simon and {Kramer}, Roban and {Turner}, James E.~H. and {Singer}, Leo and {Fox}, Ryan and {Weaver}, Benjamin A. and {Zabalza}, Victor and {Edwards}, Zachary I. and {Azalee Bostroem}, K. and {Burke}, D.~J. and {Casey}, Andrew R. and {Crawford}, Steven M. and {Dencheva}, Nadia and {Ely},Justin and {Jenness}, Tim and {Labrie}, Kathleen and {Lim}, Pey Lian and {Pierfederici}, Francesco and {Pontzen}, Andrew and {Ptak}, Andy  and {Refsdal}, Brian and {Servillat}, Mathieu and {Streicher}, Ole},
title = "{Astropy: A community Python package for astronomy}",
journal = {\aap},
keywords = {methods: data analysis, methods: miscellaneous, virtual observatory tools, Astrophysics - Instrumentation and Methods for Astrophysics},
year = 2013,
month = oct,
volume = {558},
eid = {A33},
pages = {A33},
doi = {10.1051/0004-6361/201322068},
archivePrefix = {arXiv},
eprint = {1307.6212},
primaryClass = {astro-ph.IM},
adsurl = {https://ui.adsabs.harvard.edu/abs/2013A&A...558A..33A},
adsnote = {Provided by the SAO/NASA Astrophysics Data System}
}


@ARTICLE{2018AJ....156..123A,
author = {{Astropy Collaboration} and {Price-Whelan}, A.~M. and {Sip{\H{o}}cz}, B.~M. and {G{\"u}nther}, H.~M. and {Lim}, P.~L. and {Crawford}, S.~M. and {Conseil}, S. and {Shupe}, D.~L. and {Craig}, M.~W. and {Dencheva}, N. and {Ginsburg}, A. and {VanderPlas}, J.~T. and {Bradley}, L.~D. and {P{'e}rez-Su{'a}rez}, D. and {de Val-Borro}, M. and {Aldcroft}, T.~L. and {Cruz}, K.~L. and {Robitaille}, T.~P. and {Tollerud}, E.~J. and {Ardelean}, C. and {Babej}, T. and {Bach}, Y.~P. and {Bachetti}, M. and {Bakanov}, A.~V. and {Bamford}, S.~P. and {Barentsen}, G. and {Barmby},  P. and {Baumbach}, A. and {Berry}, K.~L. and {Biscani}, F. and {Boquien}, M. and {Bostroem}, K.~A. and {Bouma}, L.~G. and {Brammer}, G.~B. and  {Bray}, E.~M. and {Breytenbach}, H. and {Buddelmeijer}, H. and {Burke}, D.~J. and {Calderone}, G. and {Cano Rodr{\'\i}guez}, J.~L. and {Cara}, M. and {Cardoso}, J.~V.~M. and {Cheedella}, S. and {Copin}, Y. and {Corrales}, L. and {Crichton}, D. and {D'Avella}, D. and {Deil}, C. and {Depagne}, {'E}. and {Dietrich}, J.~P. and {Donath}, A. and {Droettboom}, M. and {Earl}, N. and {Erben}, T. and {Fabbro}, S. and {Ferreira}, L.~A. and {Finethy}, T. and {Fox}, R.~T. and {Garrison}, L.~H. and {Gibbons}, S.~L.~J. and {Goldstein}, D.~A. and {Gommers}, R. and {Greco}, J.~P. and {Greenfield}, P. and {Groener}, A.~M. and {Grollier}, F. and {Hagen}, A. and {Hirst}, P. and {Homeier}, D. and {Horton}, A.~J. and {Hosseinzadeh}, G. and {Hu}, L. and {Hunkeler}, J.~S. and {Ivezi{\'c}}, {\v{Z}}. and {Jain}, A. and {Jenness}, T. and {Kanarek}, G. and {Kendrew}, S. and {Kern}, N.~S. and {Kerzendorf}, W.~E. and {Khvalko}, A. and {King}, J. and {Kirkby}, D. and {Kulkarni}, A.~M. and {Kumar}, A. and {Lee}, A. and {Lenz}, D. and {Littlefair}, S.~P. and {Ma}, Z. and {Macleod}, D.~M. and {Mastropietro}, M. and {McCully}, C. and {Montagnac}, S. and {Morris}, B.~M. and {Mueller}, M.  and {Mumford}, S.~J. and {Muna}, D. and {Murphy}, N.~A. and {Nelson}, S.  and {Nguyen}, G.~H. and {Ninan}, J.~P. and {N{"o}the}, M. and {Ogaz}, S. and {Oh}, S. and {Parejko}, J.~K. and {Parley}, N. and {Pascual}, S. and {Patil}, R. and {Patil}, A.~A. and {Plunkett}, A.~L. and {Prochaska}, J.~X. and {Rastogi}, T. and {Reddy Janga}, V. and {Sabater}, J. and {Sakurikar}, P. and {Seifert}, M. and {Sherbert}, L.~E. and {Sherwood-Taylor}, H.  and {Shih}, A.~Y. and {Sick}, J. and {Silbiger}, M.~T. and {Singanamalla}, S. and {Singer}, L.~P. and {Sladen}, P.~H. and {Sooley}, K.~A. and {Sornarajah}, S. and {Streicher}, O. and {Teuben}, P. and {Thomas}, S.~W. and {Tremblay}, G.~R. and {Turner}, J.~E.~H. and {Terr{\'o}n}, V. and {van Kerkwijk}, M.~H. and {de la Vega}, A. and {Watkins}, L.~L. and {Weaver}, B.~A. and {Whitmore}, J.~B. and {Woillez}, J. and {Zabalza}, V. and {Astropy Contributors}},
title = "{The Astropy Project: Building an Open-science Project and Status of the v2.0 Core Package}",
journal = {\aj},
keywords = {methods: data analysis, methods: miscellaneous, methods: statistical, reference systems, Astrophysics - Instrumentation and Methods for Astrophysics},
year = 2018,
month = sep,
volume = {156},
number = {3},
eid = {123},
pages = {123},
doi = {10.3847/1538-3881/aabc4f},
archivePrefix = {arXiv},
eprint = {1801.02634},
primaryClass = {astro-ph.IM},
adsurl = {https://ui.adsabs.harvard.edu/abs/2018AJ....156..123A},
adsnote = {Provided by the SAO/NASA Astrophysics Data System}
}


@ARTICLE{2022ApJ...935..167A,
author = {{Astropy Collaboration} and {Price-Whelan}, Adrian M. and {Lim}, Pey Lian and {Earl}, Nicholas and {Starkman}, Nathaniel and {Bradley}, Larry and {Shupe}, David L. and {Patil}, Aarya A. and {Corrales}, Lia and {Brasseur}, C.~E. and {N{\"o}the}, Maximilian and {Donath}, Axel and {Tollerud}, Erik and {Morris}, Brett M. and {Ginsburg}, Adam and {Vaher}, Eero and {Weaver}, Benjamin A. and {Tocknell}, James and {Jamieson}, William and {van Kerkwijk}, Marten H. and {Robitaille}, Thomas P. and {Merry}, Bruce and {Bachetti}, Matteo and {G{\"u}nther}, H. Moritz and {Aldcroft}, Thomas L. and {Alvarado-Montes}, Jaime A. and {Archibald}, Anne M. and {B{'o}di}, Attila and {Bapat}, Shreyas and {Barentsen}, Geert and {Baz{'a}n}, Juanjo and {Biswas}, Manish and {Boquien}, M{\'e}d{\'e}ric and {Burke}, D.~J. and {Cara}, Daria and {Cara}, Mihai and {Conroy}, Kyle E. and {Conseil}, Simon and {Craig}, Matthew W. and {Cross}, Robert M. and {Cruz}, Kelle L. and {D'Eugenio}, Francesco and {Dencheva}, Nadia and {Devillepoix}, Hadrien A.~R. and {Dietrich}, J{\"o}rg P. and {Eigenbrot}, Arthur Davis and {Erben}, Thomas and {Ferreira}, Leonardo and {Foreman-Mackey}, Daniel and {Fox}, Ryan and {Freij}, Nabil and {Garg}, Suyog and {Geda}, Robel and {Glattly}, Lauren and {Gondhalekar}, Yash and {Gordon}, Karl D. and {Grant}, David and {Greenfield}, Perry and {Groener}, Austen M. and {Guest}, Steve and {Gurovich}, Sebastian and {Handberg}, Rasmus and {Hart}, Akeem and {Hatfield-Dodds}, Zac and {Homeier}, Derek and {Hosseinzadeh}, Griffin and {Jenness}, Tim and {Jones}, Craig K. and {Joseph}, Prajwel and {Kalmbach}, J. Bryce and {Karamehmetoglu}, Emir and {Ka{\l}uszy{'n}ski}, Miko{\l}aj and {Kelley}, Michael S.~P. and {Kern}, Nicholas and {Kerzendorf}, Wolfgang E. and {Koch}, Eric W. and {Kulumani}, Shankar and {Lee}, Antony and {Ly}, Chun and {Ma}, Zhiyuan and {MacBride}, Conor and {Maljaars}, Jakob M. and {Muna}, Demitri and {Murphy}, N.~A. and {Norman}, Henrik and {O'Steen}, Richard and {Oman}, Kyle A. and {Pacifici}, Camilla and {Pascual}, Sergio and {Pascual-Granado}, J. and {Patil}, Rohit R. and {Perren}, Gabriel I. and {Pickering}, Timothy E. and {Rastogi}, Tanuj and {Roulston}, Benjamin R. and {Ryan}, Daniel F. and {Rykoff}, Eli S. and {Sabater}, Jose and {Sakurikar}, Parikshit and {Salgado}, Jes{\'u}s and {Sanghi}, Aniket and {Saunders}, Nicholas and {Savchenko}, Volodymyr and {Schwardt}, Ludwig and {Seifert-Eckert}, Michael and {Shih}, Albert Y. and {Jain}, Anany Shrey and {Shukla}, Gyanendra and {Sick}, Jonathan and {Simpson}, Chris and {Singanamalla}, Sudheesh and {Singer}, Leo P. and {Singhal}, Jaladh and {Sinha}, Manodeep and {Sip{\H{o}}cz}, Brigitta M. and {Spitler}, Lee R. and {Stansby}, David and {Streicher}, Ole and {{\v{S}}umak}, Jani and {Swinbank}, John D. and {Taranu}, Dan S. and {Tewary}, Nikita and {Tremblay}, Grant R. and {de Val-Borro}, Miguel and {Van Kooten}, Samuel J. and {Vasovi{\'c}}, Zlatan and {Verma}, Shresth and {de Miranda Cardoso}, Jos{\'e} Vin{\'\i}cius and {Williams}, Peter K.~G. and {Wilson}, Tom J. and {Winkel}, Benjamin and {Wood-Vasey}, W.~M. and {Xue}, Rui and {Yoachim}, Peter and {Zhang}, Chen and {Zonca}, Andrea and {Astropy Project Contributors}},
title = "{The Astropy Project: Sustaining and Growing a Community-oriented Open-source Project and the Latest Major Release (v5.0) of the Core Package}", 
journal = {\apj},
keywords = {Astronomy software, Open source software, Astronomy data analysis, 1855, 1866, 1858, Astrophysics - Instrumentation and Methods for Astrophysics},
year = 2022,
month = aug,
volume = {935},
number = {2},
eid = {167},
pages = {167},
doi = {10.3847/1538-4357/ac7c74},
archivePrefix = {arXiv},
eprint = {2206.14220},
primaryClass = {astro-ph.IM},
adsurl = {https://ui.adsabs.harvard.edu/abs/2022ApJ...935..167A},
adsnote = {Provided by the SAO/NASA Astrophysics Data System}
}

% Healpy:

@article{Zonca2019,
doi = {10.21105/joss.01298},
url = {https://doi.org/10.21105/joss.01298},
year = {2019},
month = mar,
publisher = {The Open Journal},
volume = {4},
number = {35},
pages = {1298},
author = {Andrea Zonca and Leo Singer and Daniel Lenz and Martin Reinecke and Cyrille Rosset and Eric Hivon and Krzysztof Gorski},
title = {healpy: equal area pixelization and spherical harmonics transforms for data on the sphere in Python},
journal = {Journal of Open Source Software}
}


@ARTICLE{2005ApJ...622..759G,
author = {{G{'o}rski}, K.~M. and {Hivon}, E. and {Banday}, A.~J. and 
{Wandelt}, B.~D. and {Hansen}, F.~K. and {Reinecke}, M. and 
{Bartelmann}, M.},
title = "{HEALPix: A Framework for High-Resolution Discretization and Fast Analysis of Data Distributed on the Sphere}",
journal = {\apj},
eprint = {arXiv:astro-ph/0409513},
keywords = {Cosmology: Cosmic Microwave Background, Cosmology: Observations, Methods: Statistical},
year = 2005,
month = apr,
volume = 622,
pages = {759-771},
doi = {10.1086/427976},
adsurl = {http://adsabs.harvard.edu/abs/2005ApJ...622..759G},
adsnote = {Provided by the SAO/NASA Astrophysics Data System}
}


% Add an acknowledgment statement: “Some of the results in this paper have been derived using the healpy and HEALPix packages”.


% At the first use of the HEALPix acronym, a footnote placed in the main body of the paper referring to the HEALPix web site, currently http://healpix.sf.net

% Jupyter Notebooks:

@inproceedings{soton403913,
booktitle = {Positioning and Power in Academic Publishing: Players, Agents and Agendas},
title = {Jupyter Notebooks ? a publishing format for reproducible computational workflows},
author = {Thomas Kluyver and Benjamin Ragan-Kelley and Fernando P{\'e}rez and Brian Granger and Matthias Bussonnier and Jonathan Frederic and Kyle Kelley and Jessica Hamrick and Jason Grout and Sylvain Corlay and Paul Ivanov and Dami{\'a}n Avila and Safia Abdalla and Carol Willing and  Jupyter development team},
publisher = {IOS Press},
year = {2016},
pages = {87--90},
url = {https://eprints.soton.ac.uk/403913/},
}

% matplotlib:

@Article{Hunter:2007,
  Author    = {Hunter, J. D.},
Title     = {Matplotlib: A 2D graphics environment},
Journal   = {Computing in Science \& Engineering},
Volume    = {9},
Number    = {3},
Pages     = {90--95},
abstract  = {Matplotlib is a 2D graphics package used for Python for 
application development, interactive scripting, and publication-quality 
image generation across user interfaces and operating systems.},
publisher = {IEEE COMPUTER SOC},
doi       = {10.1109/MCSE.2007.55},
year      = 2007
}

% Minor Planet Center Resources:

%Add an acknowledgment statement: This research has made use of data and/or services provided by the International Astronomical Union's Minor Planet Center. 

% NASA ADS:

% Add an acknowledgment statement: This research has made use of NASA’s Astrophysics Data System Bibliographic Services. 

% Numba:

@INPROCEEDINGS{2015llvm.confE...1L,
author = {{Lam}, Siu Kwan and {Pitrou}, Antoine and {Seibert}, Stanley},
title = "{Numba: A LLVM-based Python JIT Compiler}",
keywords = {LLVM, Python, Compiler},
booktitle = {Proc. Second Workshop on the LLVM Compiler Infrastructure in HPC},
 year = 2015,
month = nov,
pages = {1-6},
doi = {10.1145/2833157.2833162},
adsurl = {https://ui.adsabs.harvard.edu/abs/2015llvm.confE...1L},
adsnote = {Provided by the SAO/NASA Astrophysics Data System}
}

% Numpy:

@Article{         harris2020array,
title         = {Array programming with {NumPy}},
author        = {Charles R. Harris and K. Jarrod Millman and St{\'{e}}fan J. van der Walt and Ralf Gommers and Pauli Virtanen and David Cournapeau and Eric Wieser and Julian Taylor and Sebastian Berg and Nathaniel J. Smith and Robert Kern and Matti Picus and Stephan Hoyer and Marten H. van Kerkwijk and Matthew Brett and Allan Haldane and Jaime Fern{\'{a}}ndez del R{\'{i}}o and Mark Wiebe and Pearu Peterson and Pierre G{\'{e}}rard-Marchant and Kevin Sheppard and Tyler Reddy and Warren Weckesser and Hameer Abbasi and Christoph Gohlke and Travis E. Oliphant},
year          = {2020},
month         = sep,
journal       = {Nature},
volume        = {585},
number        = {7825},
pages         = {357--362},
doi           = {10.1038/s41586-020-2649-2},
publisher     = {Springer Science and Business Media {LLC}},
url           = {https://doi.org/10.1038/s41586-020-2649-2}
}

% Pandas:

@InProceedings{ mckinney-proc-scipy-2010,
author    = { {W}es {M}c{K}inney },
title     = { {D}ata {S}tructures for {S}tatistical {C}omputing in {P}ython },
booktitle = { {P}roceedings of the 9th {P}ython in {S}cience {C}onference },
pages     = { 56 - 61 },
year      = { 2010 },
editor    = { {S}t{\'{e}}fan van der {W}alt and {J}arrod {M}illman },
doi       = { 10.25080/Majora-92bf1922-00a }
}


% Update to the exact version you have installed. Below is the generic Zenodo link reference. 

@misc{reback2020pandas,
author       = {The pandas development team},
title        = {pandas-dev/pandas: Pandas},
month        = feb,
year         = 2020,
publisher    = {Zenodo},
version      = {latest},
doi          = {10.5281/zenodo.3509134},
url          = {https://doi.org/10.5281/zenodo.3509134}
}

% Pooch:

@article{uieda2020,
title = {{Pooch}: {A} friend to fetch your data files},
author = {Leonardo Uieda and Santiago Soler and R{\'{e}}mi Rampin and Hugo van Kemenade and Matthew Turk and Daniel Shapero and Anderson Banihirwe and John Leeman},
year = {2020},
doi = {10.21105/joss.01943},
url = {https://doi.org/10.21105/joss.01943},
month = jan,
publisher = {The Open Journal},
volume = {5},
 number = {45},
pages = {1943},
journal = {Journal of Open Source Software}
}

% Pytables

@Misc{pytables,
author = {PyTables Developers Team},
title = {{PyTables}: Hierarchical Datasets in {Python}},
year = {2002--},
url = "https://www.pytables.org/",
}

% REBOUND:

% Simulations in this paper made use of the REBOUND N-body code \citep{rebound}. The simulations were integrated using IAS15, a 15th order Gauss-Radau integrator \citep{reboundias15}. 


@ARTICLE{rebound,
       author = {{Rein}, H. and {Liu}, S. -F.},
        title = "{REBOUND: an open-source multi-purpose N-body code for collisional dynamics}",
      journal = {\aap},
     keywords = {methods: numerical, planets and satellites: rings, protoplanetary disks, Astrophysics - Earth and Planetary Astrophysics, Astrophysics - Instrumentation and Methods for Astrophysics, Mathematics - Dynamical Systems, Physics - Computational Physics},
         year = 2012,
        month = jan,
       volume = {537},
          eid = {A128},
        pages = {A128},
          doi = {10.1051/0004-6361/201118085},
archivePrefix = {arXiv},
       eprint = {1110.4876},
 primaryClass = {astro-ph.EP},
       adsurl = {https://ui.adsabs.harvard.edu/abs/2012A&A...537A.128R},
      adsnote = {Provided by the SAO/NASA Astrophysics Data System}
}
@ARTICLE{reboundias15,
       author = {{Rein}, Hanno and {Spiegel}, David S.},
        title = "{IAS15: a fast, adaptive, high-order integrator for gravitational dynamics, accurate to machine precision over a billion orbits}",
      journal = {\mnras},
     keywords = {gravitation, methods: numerical, planets and satellites: dynamical evolution and stability, Astrophysics - Earth and Planetary Astrophysics, Astrophysics - Instrumentation and Methods for Astrophysics, Astrophysics - Solar and Stellar Astrophysics, Mathematics - Numerical Analysis},
         year = 2015,
        month = jan,
       volume = {446},
       number = {2},
        pages = {1424-1437},
          doi = {10.1093/mnras/stu2164},
archivePrefix = {arXiv},
       eprint = {1409.4779},
 primaryClass = {astro-ph.EP},
       adsurl = {https://ui.adsabs.harvard.edu/abs/2015MNRAS.446.1424R},
      adsnote = {Provided by the SAO/NASA Astrophysics Data System}
}


% Adapted Functions From rubin_sim:

@misc{peter_yoachim_2022_7087823,
author       = {Peter Yoachim and
R. Lynne Jones and
Eric H. Neilsen and
Tiago Ribeiro and
Scott Daniel and
Natasha Abrams and
Husni Almoubayyed and
Igor Andreoni and
Humna Awan and
Matthew R. Becker and
 Keaton Bell and
Eric Bellm and
Federica Bianco and
Johan Bregeon and
Katja Bricman and
Owen Boberg and
Jeff Carlin and
YuChia Chen and
Will Clarkson and
Andrew Connolly and
Philippe Gris and
Alina Hu and
Michael Kelley and
Somayeh Khakpash and
Simon Krughoff and
Xiaolong Li and
Michael B. Lund and
Phil Marshall and
Josh Meyers and
Loredana Prisinzano and
Elahesadat Naghib and
Meredith Rawls and
Michael Reuter and
Daniel Rothchild and
Christian N. Setzer and
Jonathan Sick and
 Rachel Street},
title        = {lsst/rubin\_sim: 0.12.1},
month        = sep,
year         = 2022,
publisher    = {Zenodo},
version      = {0.12.1},
doi          = {10.5281/zenodo.7087823},
url          = {https://doi.org/10.5281/zenodo.7087823}
}


@ARTICLE{2018Icar..303..181J,
author = {{Jones}, R. Lynne and {Slater}, Colin T. and {Moeyens}, Joachim and {Allen}, Lori and {Axelrod}, Tim and {Cook}, Kem and {Ivezi{\'c}}, {{Z}}eljko and {Juri{\'c}}, Mario and {Myers}, Jonathan and {Petry}, Catherine E.},
title = "{The Large Synoptic Survey Telescope as a Near-Earth Object discovery machine}",
journal = {\icarus},
keywords = {Near-Earth objects, Image processing, Asteroids, Earth Science, Astrophysics - Earth and Planetary Astrophysics, Astrophysics - Instrumentation and Methods for Astrophysics},
year = 2018,
month = mar,
volume = {303},
pages = {181-202},
doi = {10.1016/j.icarus.2017.11.033},
archivePrefix = {arXiv},
eprint = {1711.10621},
 primaryClass = {astro-ph.EP},
adsurl = {https://ui.adsabs.harvard.edu/abs/2018Icar..303..181J},
 adsnote = {Provided by the SAO/NASA Astrophysics Data System}
}

% sbpy:

@ARTICLE{2019JOSS....4.1426M,
author = {{Mommert}, Michael and {Kelley}, Michael and {de Val-Borro}, Miguel and {Li}, Jian-Yang and {Guzman}, Giannina and {Sip{\H{o}}cz}, Brigitta and {{\v{D}}urech}, Josef and {Granvik}, Mikael and {Grundy}, Will and {Moskovitz}, Nick and {Penttil{\"a}}, Antti and {Samarasinha}, Nalin},
title = "{sbpy: A Python module for small-body planetary astronomy}",
journal = {The Journal of Open Source Software},
keywords = {comets, kuiper belt objects, Python, trans-neptunian objects, centaurs, planetary science, python, solar system, asteroids, meteoroids, trojans, astronomy, small bodies},
year = 2019,
month = aug,
volume = {4},
number = {38},
eid = {1426},
pages = {1426},
doi = {10.21105/joss.01426},
adsurl = {https://ui.adsabs.harvard.edu/abs/2019JOSS....4.1426M},
adsnote = {Provided by the SAO/NASA Astrophysics Data System}
}

% SciPy:

@ARTICLE{2020SciPy-NMeth,
author  = {Virtanen, Pauli and Gommers, Ralf and Oliphant, Travis E. and 
Haberland, Matt and Reddy, Tyler and Cournapeau, David and 
Burovski, Evgeni and Peterson, Pearu and Weckesser, Warren and 
Bright, Jonathan and {van der Walt}, St{\'{e}}fan J. and 
Brett, Matthew and Wilson, Joshua and Millman, K. Jarrod and 
Mayorov, Nikolay and Nelson, Andrew R. J. and Jones, Eric and 
Kern, Robert and Larson, Eric and Carey, C J and 
Polat, {\.I}lhan and Feng, Yu and Moore, Eric W. and 
{VanderPlas}, Jake and Laxalde, Denis and Perktold, Josef and 
Cimrman, Robert and Henriksen, Ian and Quintero, E. A. and 
Harris, Charles R. and Archibald, Anne M. and 
Ribeiro, Ant{\^o}nio H. and Pedregosa, Fabian and 
{van Mulbregt}, Paul and {SciPy 1.0 Contributors}},
title   = {{{SciPy} 1.0: Fundamental Algorithms for Scientific 
Computing in Python}},
journal = {Nature Methods},
year    = {2020},
volume  = {17},
pages   = {261--272},
adsurl  = {https://rdcu.be/b08Wh},
doi     = {10.1038/s41592-019-0686-2},
}

% Spice Resources:

 @ARTICLE{1996P&SS...44...65A,
author = {{Acton}, Charles H.},
title = {Ancillary data services of  NASA's Navigation and Ancillary Information Facility},
journal = {\planss},
year = 1996,
month = jan,
volume = {44},
number = {1},
pages = {65-70},
doi = {10.1016/0032-0633(95)00107-7},
adsurl = {https://ui.adsabs.harvard.edu/abs/1996P&SS...44...65A},
adsnote = {Provided by the SAO/NASA Astrophysics Data System}
}


@ARTICLE{2018P&SS..150....9A,
author = {{Acton}, Charles and {Bachman}, Nathaniel and {Semenov}, Boris and {Wright}, Edward},
title = "{A look towards the future in the handling of space science mission geometry}",
journal = {\planss},
year = 2018,
month = jan,
volume = {150},
pages = {9-12},
doi = {10.1016/j.pss.2017.02.013},
adsurl = {https://ui.adsabs.harvard.edu/abs/2018P&SS..150....9A},
adsnote = {Provided by the SAO/NASA Astrophysics Data System} 
}

% Add an acknowledgment statement:  The SPICE Resource files used in this work ere described in \citep{1996P&SS...44...65A, 2018P&SS..150....9A}

@ARTICLE{2020JOSS....5.2050A,
author = {{Annex}, Andrew and {Pearson}, Ben and {Seignovert}, Beno{\^\i}t and {Carcich}, Brian and {Eichhorn}, Helge and {Mapel}, Jesse and {von Forstner}, Johan and {McAuliffe}, Jonathan and {del Rio}, Jorge and {Berry}, Kristin and {Aye}, K. -Michael and {Stefko}, Marcel and {de Val-Borro}, Miguel and {Kulumani}, Shankar and {Murakami}, Shin-ya}, 
title = "{SpiceyPy: a Pythonic Wrapper for the SPICE Toolkit}",
journal = {The Journal of Open Source Software},
keywords = {geometry, Python, spacecraft, Batchfile, planets, ephemeris, navigation, SPICE},
year = 2020,
month = feb,
volume = {5},
number = {46},
 eid = {2050},
pages = {2050},
doi = {10.21105/joss.02050},
adsurl = {https://ui.adsabs.harvard.edu/abs/2020JOSS....5.2050A},
adsnote = {Provided by the SAO/NASA Astrophysics Data System}
}

@misc{casper_da_costa_luis_2023_8233425,
author       = {Casper da Costa-Luis and
Stephen Karl Larroque and
Kyle Altendorf and
Hadrien Mary and
richardsheridan and
Mikhail Korobov and
Noam Yorav-Raphael and
Ivan Ivanov and
Marcel Bargull and
Nishant Rodrigues and
Guangshuo Chen and
Antony Lee and
Charles Newey and
CrazyPython and
JC and
Martin Zugnoni and
Matthew D. Pagel and
mjstevens777 and
Mikhail Dektyarev and
Alex Rothberg and
 Alexander Plavin and
Fabian Dill and
FichteFoll and
Gregor Sturm and
HeoHeo and
Hugo van Kemenade and
Jack McCracken and
MapleCCC and
Max Nordlund and
Mike Boyle},
title        = {{tqdm: A fast, Extensible Progress Bar for Python 
and CLI}},
month        = aug,
year         = 2023,
 publisher    = {Zenodo},
 version      = {v4.66.1},
doi          = {10.5281/zenodo.8233425},
url          = {https://doi.org/10.5281/zenodo.8233425}
}

@article{Merritt25,
    author={Merritt et al.},
    year= submitted,
    journal = \joss,
    title = {''},
    }
@article{Holman25,
    author = {Holman et al.},
    title = {''},
    journal = \joss,
    year = submitted,
}

\software{Sorcha,ASSIST \citep{2023PSJ.....4...69H,hanno_rein_2023_7778017},Astropy \citep{2013A&A...558A..33A,2018AJ....156..123A,2022ApJ...935..167A}, Healpy \citep{Zonca2019,2005ApJ...622..759G}, Matplotlib \citep{Hunter:2007}, Numba \citep{2015llvm.confE...1L}, Numpy \citep{harris2020array}, pandas \citep{mckinney-proc-scipy-2010, reback2020pandas}, Pooch \citep{uieda2020}, PyTables \citep{pytables}, REBOUND \citep{rebound,reboundias15}, rubin$\_$sim \citep{2018Icar..303..181J,peter_yoachim_2022_7087823}, sbpy \citep{2019JOSS....4.1426M}, SciPy \citep{2020SciPy-NMeth}, Spiceypy \citep{2020JOSS....5.2050A}, sqlite (\url{https://www.sqlite.org/index.html}), sqlite3 (\url{https://docs.python.org/3/library/sqlite3.html}), tqdm \citep{casper_da_costa_luis_2023_8233425}, Black (\url{https://black.readthedocs.io/en/stable/faq.html}), Jupyter Notebooks \citep{soton403913}}

@ARTICLE{Benechhi13,
       author = {{Benecchi}, Susan D. and {Sheppard}, Scott S.},
        title = "{Light Curves of 32 Large Transneptunian Objects}",
      journal = {\aj},
     keywords = {Kuiper belt: general, surveys, Astrophysics - Earth and Planetary Astrophysics},
         year = 2013,
        month = may,
       volume = {145},
       number = {5},
          eid = {124},
        pages = {124},
          doi = {10.1088/0004-6256/145/5/124},
archivePrefix = {arXiv},
       eprint = {1301.5791},
 primaryClass = {astro-ph.EP},
       adsurl = {https://ui.adsabs.harvard.edu/abs/2013AJ....145..124B},
      adsnote = {Provided by the SAO/NASA Astrophysics Data System}
}


@ARTICLE{RECON16,
       author = {{Buie}, Marc W. and {Keller}, John M.},
        title = "{The Research and Education Collaborative Occultation Network: A System for Coordinated TNO Occultation Observations}",
      journal = {\aj},
     keywords = {instrumentation: detectors, Kuiper Belt: general, methods: data analysis, methods: observational, occultations},
         year = 2016,
        month = mar,
       volume = {151},
       number = {3},
          eid = {73},
        pages = {73},
          doi = {10.3847/0004-6256/151/3/73},
       adsurl = {https://ui.adsabs.harvard.edu/abs/2016AJ....151...73B},
      adsnote = {Provided by the SAO/NASA Astrophysics Data System}
}

@ARTICLE{2022PSJ.....3...46W,
       author = {{Weaver}, H.~A. and {Porter}, S.~B. and {Spencer}, J.~R. and {The New Horizons Science Team}},
        title = "{High-resolution Search for Kuiper Belt Object Binaries from New Horizons}",
      journal = {\psj},
     keywords = {893, Astrophysics - Earth and Planetary Astrophysics},
         year = 2022,
        month = feb,
       volume = {3},
       number = {2},
          eid = {46},
        pages = {46},
          doi = {10.3847/PSJ/ac4cb7},
archivePrefix = {arXiv},
       eprint = {2201.05940},
 primaryClass = {astro-ph.EP},
       adsurl = {https://ui.adsabs.harvard.edu/abs/2022PSJ.....3...46W},
      adsnote = {Provided by the SAO/NASA Astrophysics Data System}
}

@Misc{PSTN-056,
    author = "{Bianco F. and The Rubin Observatory Survey Cadence Optimization Committee}",
    title = "{Survey Cadence Optimization Committee’s Phase 3 Recommendations}",
    publisher = "{Vera C. Rubin Observatory}",
    year = "2024",
    month = "May",
    handle = "PSTN-056",
    note = "{Vera C. Rubin Observatory Project Science Technical Note PSTN-056}",
    url = "https://pstn-056.lsst.io/"
}

@Misc{PSTN-054,
    author = "{Bianco, Federica B. and Jones, Lynne and Ivezi\'{c}, {\v Z}eljko and Ritz, Steven and the Rubin Project Science Team}",
    title = "{Updated estimates of the Rubin system throughput and expected LSST image depth}",
    publisher = "{Vera C. Rubin Observatory}",
    year = "2022",
    month = "June",
    handle = "PSTN-054",
    note = "{Vera C. Rubin Observatory Project Science Technical Note PSTN-054}",
    url = "https://pstn-054.lsst.io/"
}

@Misc{PSTN-055,
    author = "{Bianco F. and The Rubin Observatory Survey Cadence Optimization Committee}",
    title = "{Survey Cadence Optimization Committee’s Phase 2 Recommendations}",
    publisher = "{Vera C. Rubin Observatory}",
    year = "2023",
    month = "February",
    handle = "PSTN-055",
    note = "{Vera C. Rubin Observatory Project Science Technical Note PSTN-055}",
    url = "https://pstn-055.lsst.io/"
}

@ARTICLE{2020PASP..132c5003W,
       author = {{Weaver}, H.~A. and {Cheng}, A.~F. and {Morgan}, F. and {Taylor}, H.~W. and {Conard}, S.~J. and {Nunez}, J.~I. and {Rodgers}, D.~J. and {Lauer}, T.~R. and {Owen}, W.~M. and {Spencer}, J.~R. and {Barnouin}, O. and {Rivkin}, A.~S. and {Olkin}, C.~B. and {Stern}, S.~A. and {Young}, L.~A. and {Tapley}, M.~B. and {Vincent}, M.},
        title = "{In-flight Performance and Calibration of the LOng Range Reconnaissance Imager (LORRI) for the New Horizons Mission}",
      journal = {\pasp},
     keywords = {instrumentation: detectors, space vehicles: instruments, techniques: image processing, techniques: photometric, Astrophysics - Instrumentation and Methods for Astrophysics, Astrophysics - Earth and Planetary Astrophysics},
         year = 2020,
        month = mar,
       volume = {132},
       number = {1009},
          eid = {035003},
        pages = {035003},
          doi = {10.1088/1538-3873/ab67ec},
archivePrefix = {arXiv},
       eprint = {2001.03524},
 primaryClass = {astro-ph.IM},
       adsurl = {https://ui.adsabs.harvard.edu/abs/2020PASP..132c5003W},
      adsnote = {Provided by the SAO/NASA Astrophysics Data System}
}

@ARTICLE{2008SSRv..140..189C,
       author = {{Cheng}, A.~F. and {Weaver}, H.~A. and {Conard}, S.~J. and {Morgan}, M.~F. and {Barnouin-Jha}, O. and {Boldt}, J.~D. and {Cooper}, K.~A. and {Darlington}, E.~H. and {Grey}, M.~P. and {Hayes}, J.~R. and {Kosakowski}, K.~E. and {Magee}, T. and {Rossano}, E. and {Sampath}, D. and {Schlemm}, C. and {Taylor}, H.~W.},
        title = "{Long-Range Reconnaissance Imager on New Horizons}",
      journal = {\ssr},
     keywords = {Pluto, Jupiter, Satellites, Telescopes, Calibration, Imaging science, Astrophysics},
         year = 2008,
        month = oct,
       volume = {140},
       number = {1-4},
        pages = {189-215},
          doi = {10.1007/s11214-007-9271-6},
archivePrefix = {arXiv},
       eprint = {0709.4278},
 primaryClass = {astro-ph},
       adsurl = {https://ui.adsabs.harvard.edu/abs/2008SSRv..140..189C},
      adsnote = {Provided by the SAO/NASA Astrophysics Data System}
}



@ARTICLE{Trilling18,
       author = {{Trilling}, David E. and {Bannister}, Michele and {Fuentes}, Cesar and {Gerdes}, David and {Mommert}, Michael and {Schwamb}, Megan E. and {Trujillo}, Chad},
        title = "{Deep Drilling Fields for Solar System Science}",
      journal = {arXiv e-prints},
     keywords = {Astrophysics - Instrumentation and Methods for Astrophysics, Astrophysics - Earth and Planetary Astrophysics},
         year = 2018,
        month = dec,
          eid = {arXiv:1812.09705},
        pages = {arXiv:1812.09705},
          doi = {10.48550/arXiv.1812.09705},
archivePrefix = {arXiv},
       eprint = {1812.09705},
 primaryClass = {astro-ph.IM},
       adsurl = {https://ui.adsabs.harvard.edu/abs/2018arXiv181209705T},
      adsnote = {Provided by the SAO/NASA Astrophysics Data System}
}



@ARTICLE{Polak2023,
       author = {{Polak}, Brooke and {Klahr}, Hubert},
        title = "{High-resolution Study of Planetesimal Formation by Gravitational Collapse of Pebble Clouds}",
      journal = {\apj},
     keywords = {Asteroids, Small Solar System bodies, Kuiper belt, Planet formation, Planetesimals, Protoplanetary disks, 72, 1469, 893, 1241, 1259, 1300, Astrophysics - Earth and Planetary Astrophysics},
         year = 2023,
        month = feb,
       volume = {943},
       number = {2},
          eid = {125},
        pages = {125},
          doi = {10.3847/1538-4357/aca58f},
archivePrefix = {arXiv},
       eprint = {2211.13318},
 primaryClass = {astro-ph.EP},
       adsurl = {https://ui.adsabs.harvard.edu/abs/2023ApJ...943..125P},
      adsnote = {Provided by the SAO/NASA Astrophysics Data System}
}


@ARTICLE{Robbins21,
       author = {{Robbins}, Stuart J. and {Singer}, Kelsi N.},
        title = "{Pluto and Charon Impact Crater Populations: Reconciling Different Results}",
      journal = {\psj},
     keywords = {Impact phenomena, Planetary science, Pluto, Plutonian satellites, Kuiper Belt, Solar system, Trans-Neptunian objects, 779, 1255, 1267, 2202, 893, 1528, 1705},
         year = 2021,
        month = oct,
       volume = {2},
       number = {5},
          eid = {192},
        pages = {192},
          doi = {10.3847/PSJ/ac0e94},
       adsurl = {https://ui.adsabs.harvard.edu/abs/2021PSJ.....2..192R},
      adsnote = {Provided by the SAO/NASA Astrophysics Data System}
}

@ARTICLE{Strauss24,
       author = {{Strauss}, Ryder and {Trilling}, David E. and {Bernardinelli}, Pedro H. and {Beach}, Christiano and {Oldroyd}, William J. and {Sheppard}, Scott S. and {Schlichting}, Hilke E. and {Gerdes}, David W. and {Fuentes}, Cesar and {Holman}, Matthew J. and {Juri{\'c}}, Mario and {Lin}, Hsing Wen and {Markwardt}, Larissa and {McNeill}, Andrew and {Mommert}, Michael and {Napier}, Kevin J. and {Payne}, Matthew J. and {Ragozzine}, Darin and {Rivkin}, Andrew S. and {Smotherman}, Hayden and {Trujillo}, Chadwick A. and {Adams}, Fred C. and {Chandler}, Colin Orion},
        title = "{The DECam Ecliptic Exploration Project (DEEP). IV. Constraints on the Shape Distribution of Bright Trans-Neptunian Objects}",
      journal = {\aj},
     keywords = {Trans-Neptunian objects, Surveys, Kuiper Belt, Small Solar System bodies, Solar system, Photometry, 1705, 1671, 893, 1469, 1528, 1234, Astrophysics - Earth and Planetary Astrophysics},
         year = 2024,
        month = mar,
       volume = {167},
       number = {3},
          eid = {135},
        pages = {135},
          doi = {10.3847/1538-3881/ad1526},
archivePrefix = {arXiv},
       eprint = {2309.04034},
 primaryClass = {astro-ph.EP},
       adsurl = {https://ui.adsabs.harvard.edu/abs/2024AJ....167..135S},
      adsnote = {Provided by the SAO/NASA Astrophysics Data System}
}


@ARTICLE{2MASS,
       author = {{Skrutskie}, M.~F. and {Cutri}, R.~M. and {Stiening}, R. and {Weinberg}, M.~D. and {Schneider}, S. and {Carpenter}, J.~M. and {Beichman}, C. and {Capps}, R. and {Chester}, T. and {Elias}, J. and {Huchra}, J. and {Liebert}, J. and {Lonsdale}, C. and {Monet}, D.~G. and {Price}, S. and {Seitzer}, P. and {Jarrett}, T. and {Kirkpatrick}, J.~D. and {Gizis}, J.~E. and {Howard}, E. and {Evans}, T. and {Fowler}, J. and {Fullmer}, L. and {Hurt}, R. and {Light}, R. and {Kopan}, E.~L. and {Marsh}, K.~A. and {McCallon}, H.~L. and {Tam}, R. and {Van Dyk}, S. and {Wheelock}, S.},
        title = "{The Two Micron All Sky Survey (2MASS)}",
      journal = {\aj},
     keywords = {Catalogs, Infrared: General, Surveys},
         year = 2006,
        month = feb,
       volume = {131},
       number = {2},
        pages = {1163-1183},
          doi = {10.1086/498708},
       adsurl = {https://ui.adsabs.harvard.edu/abs/2006AJ....131.1163S},
      adsnote = {Provided by the SAO/NASA Astrophysics Data System}
}


@ARTICLE{ALADIN,
       author = {{Bonnarel}, F. and {Fernique}, P. and {Bienaym{\'e}}, O. and {Egret}, D. and {Genova}, F. and {Louys}, M. and {Ochsenbein}, F. and {Wenger}, M. and {Bartlett}, J.~G.},
        title = "{The ALADIN interactive sky atlas. A reference tool for identification of astronomical sources}",
      journal = {\aaps},
     keywords = {ASTRONOMICAL DATA BASES: MISCELLANEOUS, CATALOGS, ATLASES, SURVEYS},
         year = 2000,
        month = apr,
       volume = {143},
        pages = {33-40},
          doi = {10.1051/aas:2000331},
       adsurl = {https://ui.adsabs.harvard.edu/abs/2000A&AS..143...33B},
      adsnote = {Provided by the SAO/NASA Astrophysics Data System}
}



